4846 5908
1259 401 1309 473 30

1164 513 1398 540 mmmm

489 655 551 735 vn's?
573 656 625 742 (¹)
672 657 895 744 Adstipulatus
917 666 965 722 est
988 659 1018 721 ei
1039 666 1119 722 teste
1142 657 1306 722 Prisciano
1323 654 1372 739 (⁸)
1394 654 1555 744 Didymus
1577 659 1610 721 in
1633 676 1732 743 opere
1751 677 1815 722 suo
1840 653 1902 745 περὶ
1920 657 1970 732 τῆς
1988 653 2075 747 παραὶ

486 765 644 855 Ῥωμαίοις
664 766 845 855 ἀναλογίας,
874 788 980 852 neque
1003 770 1106 833 miuus
1127 767 1229 853 Apio,
1259 789 1354 853 quem
1377 762 1439 854 περὶ
1462 767 1513 842 τῆς
1532 771 1701 854 Ῥωμαῖκῆς
1726 767 1883 836 διαλέκτου
1907 772 2072 856 scripsisse

489 881 672 946 Athenaeus
695 881 778 962 (XV,
801 903 831 966 p.
848 880 914 944 680
922 879 969 964 D)
991 879 1096 945 refert.
1137 877 1213 963 Qua
1229 877 1270 942 de
1292 900 1328 943 re
1351 877 1437 964 quali
1456 878 1656 959 Philoxenus,
1679 883 1734 965 qui
1758 893 1790 944 et
1811 884 1880 966 ipse
1901 879 1941 945 de
1964 881 2072 969 lingua

487 1013 618 1058 romena
640 990 756 1056 librum
780 993 969 1078 composuit,
993 1012 1070 1055 usus
1093 993 1133 1054 sit
1155 987 1276 1076 judicio
1307 992 1433 1075 assequi
1457 1011 1524 1056 nou
1546 1011 1718 1077 possumus
1747 991 1868 1072 (Schol.
1892 991 1955 1057 Od.
1975 996 2003 1071 7,
2020 996 2071 1072 90,

488 1104 539 1168 Et.
561 1104 606 1168 M.
630 1125 653 1168 s.
676 1125 706 1164 v.
730 1099 861 1186 κορώνη).
907 1099 1058 1167 Obtinuis
1080 1121 1158 1165 vero
1187 1099 1241 1164 illa
1264 1103 1374 1186 opinio
1404 1098 1491 1186 apud
1517 1105 1730 1187 posteriorum
1760 1112 1896 1167 aetatum
1920 1125 2071 1202 grapme-

487 1217 578 1292 ticos,
600 1212 633 1277 id
657 1211 746 1297 quod
770 1212 856 1277 clare
879 1211 1096 1278 demonstrent
1117 1209 1219 1276 Bekk.
1243 1211 1302 1276 Au.
1325 1234 1358 1297 p.
1376 1210 1477 1288 11843
1508 1211 1613 1278 Crem.
1634 1213 1766 1293 01.1V‚
1789 1237 1820 1299 p.
1841 1213 1913 1292 174,
1930 1216 1958 1284 7.

543 1481 553 1545 (
560 1481 585 1552 ¹)
611 1482 693 1535 Bekk.
714 1486 762 1538 An.
784 1501 809 1554 p.
825 1484 869 1547 2⁵,
885 1477 920 1535 24
941 1475 1074 1552 αὐθιγενής
1093 1478 1207 1552 σημαίνει
1226 1479 1254 1532 ὃὶ
1271 1473 1314 1532 τδν
1331 1472 1432 1551 γνήσιον
1450 1477 1492 1533 καὶ
1511 1473 1544 1551 ps}
1563 1473 1709 1534 α’λλοδαπὸν
1729 1480 1790 1552 pmii
1811 1474 1896 1535 νᾶθον.
1922 1504 1947 1556 p.
1962 1476 2069 1550 463,10

488 1562 633 1646 αὔτᾶχθων,
646 1562 752 1641 γνήσιος.

542 1659 584 1732 (²)
609 1663 689 1717 Prisc.
702 1663 806 1716 Puteolu
819 1681 845 1734 p.
857 1658 934 1720 ssu.
972 1665 1053 1717 Teste
1064 1663 1196 1735 Didymo,
1216 1661 1259 1734 qui
1272 1661 1322 1715 hoc
1341 1662 1416 1733 pouit
1434 1661 1576 1716 osteudens
1594 1663 1708 1716 inomni
1726 1674 1799 1735 peste
1819 1664 1944 1718 orationis
1964 1675 1990 1718 et
2008 1683 2068 1718 cou-

487 1753 638 1808 struotionis
650 1753 796 1824 analogium
810 1754 968 1808 Graecorum
981 1763 1085 1808 secutos
1100 1772 1158 1808 esse
1171 1754 1311 1806 Romanos.
