4846 5908
1258 385 1280 456 6

1152 497 1388 526 mmm

478 653 551 710 auto
572 652 706 708 mortem
730 639 898 708 Ciceronis
921 640 974 706 vel
1003 649 1075 706 ante
1098 639 1269 706 divortium
1294 639 1536 727 quadragesimo
1567 651 1654 706 sexto
1683 663 1767 708 anno
1795 643 1911 710 iactum
1935 648 1984 710 vix
2008 644 2063 710 ad-

476 758 555 820 mitti
571 766 686 840 potest.
724 753 789 820 Sed
813 766 847 818 ut
869 753 1023 838 tingamus
1048 765 1078 818 et
1102 755 1134 816 iu
1158 753 1217 816 hac
1240 774 1274 816 re
1290 751 1420 816 Suidam
1445 773 1567 816 errasse
1583 763 1612 818 et
1635 755 1697 839 jam
1714 765 1805 820 antea
1822 757 2064 842 Tyrannionem

476 865 624 931 libertum
649 869 680 930 iu
704 863 800 930 domo
824 865 991 931 Ciceronis
1015 865 1122 941 luisse,
1146 867 1242 926 ceteri
1265 862 1329 928 loci
1354 866 1386 927 in
1409 861 1551 948 epistolis
1575 874 1606 928 et
1630 863 1670 928 ad
1692 868 1828 930 arricum
1852 877 1883 932 et
1899 866 1940 932 ad
1961 868 2065 952 Quin-

477 987 542 1042 tum
566 977 693 1041 iratrem
718 975 908 1063 respiciendi
932 985 1015 1040 suut.
1061 976 1138 1039 Post
1161 973 1296 1039 reditum
1320 977 1352 1038 iu
1376 979 1507 1059 patriam
1532 975 1740 1061 Tyrannione
1764 999 1841 1042 usna
1864 991 1911 1043 est
1935 977 2064 1060 Cicero,

478 1086 691 1154 ut‘librorum
721 1109 854 1152 suorum
882 1087 1033 1171 reliquias
1063 1084 1246 1172 disponeret
1277 1097 1309 1150 et
1340 1085 1530 1172 designarem
1565 1085 1655 1170 quod
1678 1092 1838 1173 negotium
1862 1111 1956 1175 quam
1980 1090 2064 1157 bena

477 1202 608 1286 gesserit
631 1196 869 1278 collaudate).
916 1196 1054 1262 Duobus
1084 1201 1172 1260 antris
1202 1207 1277 1282 post
1301 1195 1425 1280 Quinto
1456 1197 1559 1274 fratri,
1590 1199 1653 1284 jam
1683 1201 1715 1262 in
1740 1197 1875 1264 Gelliam
1907 1201 2063 1286 prolecto,

477 1329 575 1395 quum
600 1307 823 1374 bibliothecam
848 1309 999 1394 supplere
1022 1308 1118 1372 vellet
1141 1318 1172 1372 et
1196 1329 1300 1372 novos
1323 1305 1423 1371 libros
1447 1329 1643 1393 comparare,
1666 1313 1810 1394 promisit
1825 1333 1860 1376 se
1877 1311 2065 1399 Chrysippo

476 1423 713 1506 imperaturum,
736 1443 807 1484 cum
832 1421 1040 1506 Tyrannione
1064 1419 1262 1498 locuturum,
1286 1417 1375 1504 quod
1398 1441 1450 1484 res
1473 1422 1532 1484 nisi
1555 1442 1614 1506 per
1636 1420 1795 1486 hominem
1819 1433 1851 1486 et
1873 1427 2009 1510 peritum
2033 1434 2064 1490 ot

477 1531 657 1619 diligentem
682 1530 797 1596 confici
820 1553 886 1596 non
910 1529 1096 1616 posset(²).
1142 1531 1259 1596 Nonne
1287 1531 1494 1596 haecomnia
1518 1533 1550 1596 in
1574 1532 1814 1617 Tyrannionem
1837 1537 1988 1620 majorem
2011 1549 2063 1600 ca*
2159 1575 2164 1588 ·

477 1643 554 1710 dere
575 1643 732 1722 videntur,
756 1647 811 1728 qni
835 1647 904 1728 ipse
927 1653 1044 1707 tantam
1067 1641 1222 1706 librorum
1246 1646 1370 1728 copiam
1393 1640 1454 1706 sihi
1478 1654 1651 1727 paraverat,
1675 1655 1710 1708 nt
1733 1648 1765 1708 in
1787 1645 1836 1708 his
1852 1645 1949 1710 rebus
1972 1645 2065 1712 lacile

478 1765 561 1822 esset
584 1758 832 1820 versatissimus?
877 1755 973 1818 Nnuc
995 1752 1084 1832 vide,
1114 1776 1207 1839 quam
1232 1753 1364 1818 diversis
1393 1752 1560 1818 vocabulis
1589 1766 1703 1820 utatur.
1751 1755 1937 1843 Chrysippo
1965 1759 2065 1843 impe⁴

477 1865 569 1946 rabit,
592 1887 663 1931 cum
687 1867 896 1951 Tyrannione
919 1865 1079 1951 loquetur.
1124 1867 1164 1929 Et
1188 1863 1392 1951 Chrysippus
1416 1875 1482 1930 erat
1511 1864 1652 1930 libertus.
1699 1865 1776 1952 Quo
1801 1877 1945 1954 tempore
1969 1867 2064 1934 Cice·

477 1981 566 2044 rouis
594 1975 695 2042 lihros
725 1975 883 2062 disposuit
907 1978 1091 2063 Tyrannio,
1123 1975 1236 2042 eodem
1261 1987 1293 2042 et
1319 1977 1421 2040 Marci
1449 1987 1480 2041 et
1503 1975 1615 2061 Quinti
1639 1975 1724 2042 lilios
1748 1978 1893 2044 erudivit.
1939 1977 2064 2044 Laudat

478 2087 595 2156 Cicero
619 2109 805 2174 progressus
822 2087 878 2152 lilii
896 2089 998 2153 iratris
1018 2099 1049 2152 et
1065 2086 1167 2166 addit,
1191 2087 1223 2152 id
1237 2109 1273 2152 se
1288 2091 1385 2173 magis
1400 2109 1486 2152 nunc
1502 2087 1768 2168 animadvertisse,
1789 2089 1881 2175 quod
1896 2091 2062 2177 Tyrannio

478 2199 564 2288 apud
587 2221 621 2264 se
637 2199 769 2264 doceret
784 2197 845 2282 (³).
884 2202 984 2264 Antea
1009 2203 1102 2285 igitur
1118 2197 1286 2264 Ciceronis
1310 2202 1342 2262 in
1359 2197 1454 2262 domo
1479 2219 1544 2264 nou
1561 2198 1680 2264 docuit.
1718 2200 1833 2266 Paullo
1850 2213 1924 2287 post
1942 2221 2064 2287 pueros

476 2313 619 2378 Paeonio
642 2311 774 2389 rhetori,
797 2311 968 2395 Dionysio,
992 2312 1088 2374 Attici
1111 2309 1243 2388 liberto,
1267 2321 1298 2374 et
1314 2308 1511 2396 Chrysippo,
1535 2331 1596 2374 sno
1621 2309 1745 2390 liberto,
1770 2310 1963 2376 erudiendos
1988 2331 2060 2378 eum

477 2421 643 2488 tradidisse
671 2421 812 2507 legimns.
858 2420 996 2486 Videtur
1023 2424 1117 2506 igitur
1144 2430 1175 2484 et
1199 2418 1316 2486 Cicero
1341 2425 1511 2486 occasione
1540 2419 1683 2506 praebita
1708 2444 1785 2486 usus
1814 2445 1832 2486 a
1855 2424 2064 2509 Tyrannione

477 2537 616 2621 petiisse,
639 2543 674 2596 nt
697 2531 772 2596 dum
796 2530 836 2595 ad
860 2530 960 2596 libros
983 2529 1202 2617 disponendos
1229 2530 1368 2611 adesset,
1390 2531 1510 2598 liberos
1533 2554 1666 2618 quoquc
1690 2532 1834 2613 doceret,
1859 2545 1890 2599 et
1912 2555 2064 2620 gramum

476 2649 559 2710 ticns
586 2643 781 2709 bibliotheca
810 2641 962 2728 disposita
992 2654 1023 2707 et
1052 2641 1214 2728 designata
1242 2641 1410 2708 Ciceronis
1439 2642 1566 2708 domum
1596 2643 1772 2728 reliquisse.
1818 2644 1956 2711 Constat
1984 2666 2063 2711 vero

478 2758 643 2835 Tironem,
678 2754 897 2841 Chrysippum
921 2765 1110 2839 ceterosque
1133 2752 1265 2818 libertos
1288 2776 1450 2840 nunquam
1477 2757 1539 2819 nisi
1566 2753 1681 2820 morbo
1705 2756 1757 2820 vel
1785 2755 1845 2820 alia
1872 2778 1909 2821 re
1931 2767 2063 2822 coactos

478 2890 497 2932 a
525 2879 663 2954 patrono
694 2887 754 2931 suo
778 2865 971 2930 discessisse.
1023 2863 1129 2950 Quid?
1158 2865 1193 2929 Si
1217 2866 1382 2951 Tyrannio
1410 2888 1535 2952 semper
1565 2869 1596 2931 iu
1625 2865 1723 2931 domo
1748 2866 1914 2933 Ciceronis
1942 2868 2063 2946 luisset,

478 2977 645 3065 quomodo
667 2975 737 3041 fieri
760 2981 875 3063 potnit,
898 2988 932 3041 ut
949 2979 1086 3040 Atticum
1111 2979 1245 3040 amicum
1268 2979 1389 3062 iocosis
1412 2976 1518 3041 verbis
1541 2981 1715 3064 castigaret,
1738 2977 1828 3064 quod
1848 2977 1938 3042 solus
1961 3001 2063 3065 gram-

478 3093 625 3155 maticum
648 3091 829 3153 recitantem
854 3087 1023 3153 audiisset?
1039 3087 1090 3170 (⁴)
1138 3089 1249 3172 ltaque
1273 3109 1371 3172 quum
1396 3089 1576 3176 Tyrannio,
1605 3091 1697 3175 cujus
1721 3085 1838 3154 Cicero
1863 3093 1894 3153 in
1919 3089 2064 3175 epistolis

478 3204 668 3268 mentionem
692 3201 776 3278 lacit,
797 3204 845 3264 vir
861 3203 941 3263 acris
964 3202 1078 3286 ingenii
1101 3209 1197 3282 atque
1213 3201 1244 3262 iu
1261 3197 1348 3261 libris
1365 3209 1396 3262 et
1412 3197 1631 3284 comparandis
1648 3211 1679 3264 et
1695 3197 1900 3286 disponendis
1915 3203 2063 3266 versatis-

478 3316 589 3392 simus,
617 3309 840 3376 conlibertus
864 3309 922 3374 sed
945 3313 1062 3374 anricus
1089 3310 1186 3374 luisse
1210 3308 1365 3388 videatur,
1394 3310 1498 3375 lacere
1521 3333 1588 3376 nou
1615 3332 1756 3396 possum,
1780 3315 1857 3396 quin
1881 3335 1952 3376 cum
1976 3311 2063 3377 Dru-

477 3445 594 3492 mauuo
618 3425 814 3488 consentiam
839 3425 1021 3488 Amisenum
1045 3443 1128 3500 esse,
1163 3442 1258 3506 quem
1281 3421 1435 3486 Lucullus
1459 3444 1496 3486 ex
1521 3424 1595 3488 Asia
1619 3426 1651 3486 in
1681 3421 1800 3486 ltaliam
1825 3420 2063 3508 deduces-tw).

631 3532 758 3618 Quodsi
783 3555 854 3598 eum
869 3535 932 3618 jam
956 3553 1039 3596 anno
1064 3535 1327 3618 quinquagesimo
1352 3543 1468 3597 octavo
1493 3556 1518 3597 a.
1536 3531 1611 3598 Chr.
1635 3542 1794 3596 mortuum
1811 3554 1880 3598 esse
1896 3533 2063 3614 alfirmant,

476 3643 637 3712 lalluutur.
683 3645 881 3708 Postremum
911 3647 993 3708 euim
1017 3645 1234 3731 Tyrannionis
1264 3663 1380 3707 nomeu
1411 3646 1569 3708 iuvenitur
1596 3647 1628 3708 iu
1657 3643 1792 3729 epistola
1820 3642 2062 3731 quadragesimo

477 3767 564 3823 sexto
590 3777 673 3820 auno
697 3777 724 3820 a.
738 3753 814 3820 Chr.
838 3752 878 3819 ad
896 3759 1033 3820 Atticum
1057 3758 1183 3840 scripta.
1222 3755 1295 3818 Huc
1318 3753 1449 3834 accedit,
1473 3764 1507 3818 ut
1522 3752 1641 3820 Strabo
1664 3776 1699 3819 se
1715 3755 1953 3842 Tyrannionem
1977 3759 2063 3820 Ami-

1960 3895 2064 3908 ,-

531 3971 575 4045 (¹)
596 3966 877 4036 cte.s‹tan1t¹,tt.
911 3971 1038 4028 Ollendes
1056 3973 1126 4026 enirn
1144 3971 1350 4043 designationem
1364 3971 1541 4044 Tyrannionis
1558 3970 1693 4025 mirificam
1707 3970 1829 4025 lihromm
1848 3989 1975 4038 mcomm3
1996 3991 2060 4046 quo-

478 4083 534 4118 mm
552 4064 677 4135 reliquias
690 4062 771 4116 multo
786 4062 906 4116 mallotas
919 4073 988 4127 sunt,
1000 4081 1079 4133 quum
1094 4072 1219 4133 putaram.
1257 4063 1344 4116 Etiam
1358 4063 1438 4116 velim
1456 4061 1520 4116 mihi
1532 4062 1622 4114 mittas
1640 4061 1673 4114 de
1691 4063 1743 4114 tuis
1764 4061 1905 4116 librariolis
1927 4061 1993 4116 duos
2012 4064 2062 4118 sti-

478 4171 553 4224 quos,
577 4153 670 4223 quihus
689 4153 824 4224 Tyrannio
843 4163 929 4207 utatur
947 4151 1154 4224 glutinstorihus.
1180 4152 1218 4204 lb.
1235 4155 1280 4205 8a·
1313 4153 1409 4206 Postea
1421 4171 1484 4208 varo
1504 4170 1580 4223 quam
1594 4152 1729 4224 Tyrannio
1743 4151 1806 4204 milri
1823 4151 1904 4205 libros
1923 4152 2061 4224 disposuit,

478 4257 551 4296 mons
565 4241 653 4294 addita
666 4241 769 4296 videtur
781 4243 847 4296 mais
860 4243 975 4298 aedibus.

534 4334 577 4407 (²)
597 4338 652 4392 Cic.
666 4337 699 4389 ad
718 4339 769 4406 Qu.
782 4340 825 4394 Fr.
838 4332 916 4403 lll,d.
948 4343 989 4393 Da
1003 4339 1163 4392 bibliotheca
1180 4349 1224 4392 tua
1238 4339 1338 4392 Graeca
1356 4339 1509 4410 supplenda,
1528 4338 1600 4391 libris
1620 4339 1809 4392 commutandis
1823 4348 1871 4392 etc.
1911 4339 2061 4413 Chrysippo

478 4438 563 4482 tamen
577 4426 710 4500 imperabo
724 4437 751 4480 et
763 4446 822 4484 cum
835 4431 1004 4502 Tyrannione
1016 4430 1118 4500 loquar.
1144 4429 1179 4484 lh.
1193 4432 1237 4494 lll,
1246 4432 1271 4483 ⁵.
1301 4431 1343 4483 De
1354 4430 1437 4495 libris,
1450 4429 1585 4502 Tyrannio
1599 4439 1640 4482 cst
1653 4439 1768 4483 cessator
1782 4457 1813 4470 ·-
1826 4429 1875 4482 sed
1888 4447 1929 4483 res
1943 4440 1985 4482 est
1997 4449 2059 4502 ope-

479 4534 538 4570 rosa
551 4529 577 4572 et
588 4517 701 4572 hominis
714 4518 899 4591 perdiligentis.

534 4605 576 4723 (ἰ)
595 4611 652 4665 Cic.
666 4611 699 4663 ad
712 4612 803 4679 Quint.
816 4614 858 4668 Tr.
872 4609 938 4677 tt,t.
969 4614 1085 4682 Quintus
1097 4625 1166 4678 tuus,
1178 4631 1243 4685 puer
1256 4615 1378 4686 optimus,
1391 4613 1506 4666 eruditur
1518 4613 1593 4678 heca,
1606 4612 1676 4684 quod
1689 4613 1825 4684 Tyrannio
1838 4614 1916 4666 docet
1927 4614 1997 4685 apud
2011 4633 2060 4670 ms.

593 4717 620 4752 v.
634 4717 655 4752 s.
683 4704 724 4754 .5.
765 4703 804 4756 .2.
1732 4735 1736 4740 ·

533 4697 575 4855 l'l
594 4719 860 4843 Dmclann'leesch.
875 4793 1002 4846 liumav.
1017 4813 1041 4866 p.
1048 4789 1108 4848 608.
1117 4813 1141 4849 n.
1167 4795 1217 4848 Eia
1232 4794 1368 4848 Galehrtar
1380 4792 1462 4858 Arist,
1475 4793 1597 4847 Lucullus
1611 4784 1774 4866 Galangenar
1787 4793 1822 4848 ior
1835 4793 2058 4850 mithridatlschcn

480 4873 573 4946 llriega
585 4876 640 4929 und
652 4877 679 4930 in
691 4878 759 4930 llorn
778 4880 844 4933 anch
856 4881 903 4934 der
915 4881 1010 4936 hahrer
1022 4883 1070 4936 dar
1081 4885 1170 4940 sithoc
1183 4885 1231 4940 des
1244 4887 1282 4940 tt.
1296 4903 1321 4938 ιι.
1336 4885 1388 4952 Qu.
1402 4883 1502 4938 Cicero.
