<?xml version="1.0" encoding="UTF-8"?>
<!DOCTYPE html PUBLIC "-//W3C//DTD XHTML 1.0 Transitional//EN"
    "http://www.w3.org/TR/xhtml1/DTD/xhtml1-transitional.dtd">
<html xmlns="http://www.w3.org/1999/xhtml" xml:lang="en" lang="en">
 <head>
  <title>
</title>
<meta http-equiv="Content-Type" content="text/html;charset=utf-8" />
  <meta name='ocr-system' content='tesseract 3.04.00' />
  <meta name='ocr-capabilities' content='ocr_page ocr_carea ocr_par ocr_line ocrx_word'/>
</head>
<body>
  <div class='ocr_page' id='page_1' title='image "./detyrannionegra00plangoog_0009.png"; bbox 0 0 4846 5908; ppageno 0'>
   <div class='ocr_carea' id='block_1_1' title="bbox 1234 367 1257 440">
    <p class='ocr_par' dir='ltr' id='par_1_1' title="bbox 1234 367 1257 440">
     <span class='ocr_line' id='line_1_1' title="bbox 1234 367 1257 440; baseline 0 0"><span class='ocrx_word' id='word_1_1' title='bbox 1234 367 1257 440; x_wconf 75' lang='lat' dir='ltr'><strong>d</strong></span> 
     </span>
    </p>
   </div>
   <div class='ocr_carea' id='block_1_2' title="bbox 453 619 2044 1376">
    <p class='ocr_par' dir='ltr' id='par_1_2' title="bbox 453 619 2044 1376">
     <span class='ocr_line' id='line_1_2' title="bbox 453 619 2042 708; baseline -0.003 -16"><span class='ocrx_word' id='word_1_2' title='bbox 453 637 541 692; x_wconf 84' lang='lat' dir='ltr'><strong>terea</strong></span> <span class='ocrx_word' id='word_1_3' title='bbox 563 623 680 692; x_wconf 86' lang='lat' dir='ltr'><strong>Suides</strong></span> <span class='ocrx_word' id='word_1_4' title='bbox 703 635 735 690; x_wconf 90' lang='lat' dir='ltr'><strong>st</strong></span> <span class='ocrx_word' id='word_1_5' title='bbox 757 627 868 690; x_wconf 89' lang='lat' dir='ltr'><strong>mortis</strong></span> <span class='ocrx_word' id='word_1_6' title='bbox 891 645 1006 690; x_wconf 90' lang='lat' dir='ltr'><strong>annum</strong></span> <span class='ocrx_word' id='word_1_7' title='bbox 1030 633 1062 688; x_wconf 91' lang='lat' dir='ltr'><strong>et</strong></span> <span class='ocrx_word' id='word_1_8' title='bbox 1085 645 1151 708; x_wconf 92' lang='lat' dir='ltr'><strong>quo</strong></span> <span class='ocrx_word' id='word_1_9' title='bbox 1174 621 1290 687; x_wconf 88' lang='lat' dir='ltr'><strong>morbo</strong></span> <span class='ocrx_word' id='word_1_10' title='bbox 1315 622 1480 688; x_wconf 89' lang='lat' dir='ltr'><strong>conlectus</strong></span> <span class='ocrx_word' id='word_1_11' title='bbox 1503 623 1568 686; x_wconf 90' lang='lat' dir='ltr'><strong>vita</strong></span> <span class='ocrx_word' id='word_1_12' title='bbox 1589 619 1779 702; x_wconf 76' lang='lat' dir='ltr'><strong>decesserit,</strong></span> <span class='ocrx_word' id='word_1_13' title='bbox 1801 620 1926 708; x_wconf 89' lang='lat' dir='ltr'><strong>reliqua</strong></span> <span class='ocrx_word' id='word_1_14' title='bbox 1949 630 2042 687; x_wconf 87' lang='lat' dir='ltr'><strong>tacet.</strong></span> 
     </span>
     <span class='ocr_line' id='line_1_3' title="bbox 453 731 2043 820; baseline -0.002 -19"><span class='ocrx_word' id='word_1_15' title='bbox 453 738 498 801; x_wconf 93' lang='lat' dir='ltr'><strong>At</strong></span> <span class='ocrx_word' id='word_1_16' title='bbox 520 735 638 802; x_wconf 91' lang='lat' dir='ltr'><strong>Strabo</strong></span> <span class='ocrx_word' id='word_1_17' title='bbox 661 747 692 802; x_wconf 91' lang='lat' dir='ltr'><strong>et</strong></span> <span class='ocrx_word' id='word_1_18' title='bbox 716 736 903 802; x_wconf 68' lang='lat' dir='ltr'>Plutarchus</span> <span class='ocrx_word' id='word_1_19' title='bbox 919 735 970 817; x_wconf 87' lang='lat'><strong>(¹)</strong></span> <span class='ocrx_word' id='word_1_20' title='bbox 995 755 1061 799; x_wconf 93' lang='lat' dir='ltr'><strong>uno</strong></span> <span class='ocrx_word' id='word_1_21' title='bbox 1085 755 1143 798; x_wconf 91' lang='lat' dir='ltr'><strong>ore</strong></span> <span class='ocrx_word' id='word_1_22' title='bbox 1167 733 1356 798; x_wconf 82' lang='lat' dir='ltr'><strong>confirmant</strong></span> <span class='ocrx_word' id='word_1_23' title='bbox 1378 735 1617 820; x_wconf 78' lang='lat' dir='ltr'><strong>Tyrannionem</strong></span> <span class='ocrx_word' id='word_1_24' title='bbox 1641 733 1804 819; x_wconf 88' lang='lat' dir='ltr'><strong>praelecto</strong></span> <span class='ocrx_word' id='word_1_25' title='bbox 1829 731 2043 798; x_wconf 75' lang='lat' dir='ltr'><strong>bibliothecae</strong></span> 
     </span>
     <span class='ocr_line' id='line_1_4' title="bbox 454 843 2043 932; baseline -0.003 -20"><span class='ocrx_word' id='word_1_26' title='bbox 454 846 664 932; x_wconf 89' lang='lat' dir='ltr'><strong>Apellicontis</strong></span> <span class='ocrx_word' id='word_1_27' title='bbox 688 870 707 911; x_wconf 87' lang='lat' dir='ltr'><strong>a</strong></span> <span class='ocrx_word' id='word_1_28' title='bbox 729 847 818 912; x_wconf 90' lang='lat' dir='ltr'><strong>Sulla</strong></span> <span class='ocrx_word' id='word_1_29' title='bbox 843 847 976 910; x_wconf 81' lang='lat' dir='ltr'>Romam</span> <span class='ocrx_word' id='word_1_30' title='bbox 1001 845 1113 910; x_wconf 85' lang='lat' dir='ltr'><strong>allatae</strong></span> <span class='ocrx_word' id='word_1_31' title='bbox 1137 845 1252 910; x_wconf 91' lang='lat' dir='ltr'><strong>olliciis</strong></span> <span class='ocrx_word' id='word_1_32' title='bbox 1276 843 1462 923; x_wconf 89' lang='lat' dir='ltr'><strong>conciliato,</strong></span> <span class='ocrx_word' id='word_1_33' title='bbox 1492 855 1527 909; x_wconf 94' lang='lat' dir='ltr'><strong>ut</strong></span> <span class='ocrx_word' id='word_1_34' title='bbox 1551 844 1729 909; x_wconf 89' lang='lat' dir='ltr'><strong>Aristotelis</strong></span> <span class='ocrx_word' id='word_1_35' title='bbox 1755 847 1872 931; x_wconf 89' lang='lat' dir='ltr'><strong>scripta</strong></span> <span class='ocrx_word' id='word_1_36' title='bbox 1896 843 1956 908; x_wconf 92' lang='lat' dir='ltr'><strong>sihi</strong></span> <span class='ocrx_word' id='word_1_37' title='bbox 1980 853 2043 908; x_wconf 90' lang='lat' dir='ltr'><strong>tra-</strong></span> 
     </span>
     <span class='ocr_line' id='line_1_5' title="bbox 454 952 2044 1043; baseline -0.001 -22"><span class='ocrx_word' id='word_1_38' title='bbox 454 955 606 1023; x_wconf 89' lang='lat' dir='ltr'><strong>derentur</strong></span> <span class='ocrx_word' id='word_1_39' title='bbox 632 961 826 1043; x_wconf 87' lang='lat' dir='ltr'><strong>impetrasse.</strong></span> <span class='ocrx_word' id='word_1_40' title='bbox 872 956 980 1041; x_wconf 87' lang='lat' dir='ltr'><strong>Quid?</strong></span> <span class='ocrx_word' id='word_1_41' title='bbox 1010 957 1055 1022; x_wconf 95' lang='lat' dir='ltr'><strong>Ut</strong></span> <span class='ocrx_word' id='word_1_42' title='bbox 1078 955 1181 1020; x_wconf 86' lang='lat' dir='ltr'><strong>aditus</strong></span> <span class='ocrx_word' id='word_1_43' title='bbox 1212 955 1252 1020; x_wconf 88' lang='lat' dir='ltr'><strong>ad</strong></span> <span class='ocrx_word' id='word_1_44' title='bbox 1276 955 1456 1020; x_wconf 87' lang='lat' dir='ltr'><strong>Aristotelis</strong></span> <span class='ocrx_word' id='word_1_45' title='bbox 1484 957 1602 1041; x_wconf 89' lang='lat' dir='ltr'><strong>scripte</strong></span> <span class='ocrx_word' id='word_1_46' title='bbox 1635 955 1696 1020; x_wconf 91' lang='lat' dir='ltr'><strong>eibi</strong></span> <span class='ocrx_word' id='word_1_47' title='bbox 1719 967 1854 1041; x_wconf 90' lang='lat' dir='ltr'><strong>pateret,</strong></span> <span class='ocrx_word' id='word_1_48' title='bbox 1882 977 1965 1042; x_wconf 86' lang='lat' dir='ltr'><strong>quae</strong></span> <span class='ocrx_word' id='word_1_49' title='bbox 1988 952 2044 1020; x_wconf 90' lang='lat' dir='ltr'><strong>Ci-</strong></span> 
     </span>
     <span class='ocr_line' id='line_1_6' title="bbox 455 1064 2043 1154; baseline -0.001 -21"><span class='ocrx_word' id='word_1_50' title='bbox 455 1074 581 1135; x_wconf 89' lang='lat' dir='ltr'><strong>ceronie</strong></span> <span class='ocrx_word' id='word_1_51' title='bbox 603 1072 784 1134; x_wconf 89' lang='lat' dir='ltr'><strong>testimonio</strong></span> <span class='ocrx_word' id='word_1_52' title='bbox 809 1069 931 1132; x_wconf 85' lang='lat' dir='ltr'><strong>Romae</strong></span> <span class='ocrx_word' id='word_1_53' title='bbox 955 1067 996 1132; x_wconf 90' lang='lat' dir='ltr'><strong>ab</strong></span> <span class='ocrx_word' id='word_1_54' title='bbox 1026 1071 1101 1152; x_wconf 87' lang='lat' dir='ltr'><strong>ipsis</strong></span> <span class='ocrx_word' id='word_1_55' title='bbox 1130 1066 1328 1152; x_wconf 91' lang='lat' dir='ltr'><strong>philosophis</strong></span> <span class='ocrx_word' id='word_1_56' title='bbox 1357 1077 1483 1152; x_wconf 90' lang='lat' dir='ltr'><strong>praeter</strong></span> <span class='ocrx_word' id='word_1_57' title='bbox 1511 1064 1681 1131; x_wconf 79' lang='lat' dir='ltr'><strong>admodum</strong></span> <span class='ocrx_word' id='word_1_58' title='bbox 1711 1089 1834 1153; x_wconf 90' lang='lat' dir='ltr'><strong>paucos</strong></span> <span class='ocrx_word' id='word_1_59' title='bbox 1860 1071 2043 1154; x_wconf 83' lang='lat' dir='ltr'><strong>ignoraren-</strong></span> 
     </span>
     <span class='ocr_line' id='line_1_7' title="bbox 454 1176 2043 1265; baseline -0.002 -21"><span class='ocrx_word' id='word_1_60' title='bbox 454 1189 508 1244; x_wconf 88' lang='lat' dir='ltr'><strong>tur</strong></span> <span class='ocrx_word' id='word_1_61' title='bbox 522 1178 575 1264; x_wconf 74' lang='lat'><strong>(²)</strong></span> <span class='ocrx_word' id='word_1_62' title='bbox 597 1178 828 1244; x_wconf 76' lang='lat' dir='ltr'><strong>studiosissime</strong></span> <span class='ocrx_word' id='word_1_63' title='bbox 851 1181 1040 1265; x_wconf 87' lang='lat' dir='ltr'><strong>expetiisset,</strong></span> <span class='ocrx_word' id='word_1_64' title='bbox 1064 1183 1123 1244; x_wconf 90' lang='lat' dir='ltr'><strong>nisi</strong></span> <span class='ocrx_word' id='word_1_65' title='bbox 1138 1179 1270 1244; x_wconf 87' lang='lat' dir='ltr'><strong>Athenis</strong></span> <span class='ocrx_word' id='word_1_66' title='bbox 1290 1200 1355 1243; x_wconf 91' lang='lat' dir='ltr'><strong>non</strong></span> <span class='ocrx_word' id='word_1_67' title='bbox 1378 1177 1483 1244; x_wconf 89' lang='lat' dir='ltr'><strong>solum</strong></span> <span class='ocrx_word' id='word_1_68' title='bbox 1504 1179 1718 1264; x_wconf 71' lang='lat' dir='ltr'><strong>Peripateticis</strong></span> <span class='ocrx_word' id='word_1_69' title='bbox 1742 1200 1871 1264; x_wconf 89' lang='lat' dir='ltr'><strong>operam</strong></span> <span class='ocrx_word' id='word_1_70' title='bbox 1895 1176 2043 1254; x_wconf 86' lang='lat' dir='ltr'><strong>dedisset,¹</strong></span> 
     </span>
     <span class='ocr_line' id='line_1_8' title="bbox 455 1287 2044 1376; baseline -0.001 -21"><span class='ocrx_word' id='word_1_71' title='bbox 455 1289 513 1355; x_wconf 88' lang='lat' dir='ltr'><strong>sed</strong></span> <span class='ocrx_word' id='word_1_72' title='bbox 536 1294 628 1354; x_wconf 90' lang='lat' dir='ltr'><strong>etiam</strong></span> <span class='ocrx_word' id='word_1_73' title='bbox 646 1290 879 1376; x_wconf 90' lang='lat' dir='ltr'><strong>Apellicoutem</strong></span> <span class='ocrx_word' id='word_1_74' title='bbox 903 1301 934 1354; x_wconf 92' lang='lat' dir='ltr'><strong>et</strong></span> <span class='ocrx_word' id='word_1_75' title='bbox 951 1290 1131 1354; x_wconf 90' lang='lat' dir='ltr'><strong>Aristotelis</strong></span> <span class='ocrx_word' id='word_1_76' title='bbox 1155 1293 1271 1375; x_wconf 85' lang='lat' dir='ltr'><strong>scripta</strong></span> <span class='ocrx_word' id='word_1_77' title='bbox 1295 1288 1445 1354; x_wconf 88' lang='lat' dir='ltr'><strong>habuisse</strong></span> <span class='ocrx_word' id='word_1_78' title='bbox 1468 1300 1499 1354; x_wconf 94' lang='lat' dir='ltr'><strong>et</strong></span> <span class='ocrx_word' id='word_1_79' title='bbox 1520 1287 1658 1353; x_wconf 85' lang='lat' dir='ltr'><strong>edidisse</strong></span> <span class='ocrx_word' id='word_1_80' title='bbox 1679 1291 1741 1374; x_wconf 86' lang='lat' dir='ltr'><strong>jam</strong></span> <span class='ocrx_word' id='word_1_81' title='bbox 1765 1293 1998 1376; x_wconf 77' lang='lat' dir='ltr'><strong>cognovisset(</strong></span> <span class='ocrx_word' id='word_1_82' title='bbox 2020 1295 2044 1373; x_wconf 89' lang='lat'><strong>).</strong></span> 
     </span>
    </p>
   </div>
   <div class='ocr_carea' id='block_1_3' title="bbox 455 1399 2044 2152">
    <p class='ocr_par' dir='ltr' id='par_1_3' title="bbox 455 1399 2044 2152">
     <span class='ocr_line' id='line_1_9' title="bbox 609 1399 2042 1486; baseline 0 -21"><span class='ocrx_word' id='word_1_83' title='bbox 609 1400 704 1486; x_wconf 86' lang='lat' dir='ltr'><strong>Quae</strong></span> <span class='ocrx_word' id='word_1_84' title='bbox 727 1402 893 1486; x_wconf 90' lang='lat' dir='ltr'><strong>hucusque</strong></span> <span class='ocrx_word' id='word_1_85' title='bbox 916 1405 1121 1486; x_wconf 85' lang='lat' dir='ltr'><strong>exposuimus</strong></span> <span class='ocrx_word' id='word_1_86' title='bbox 1145 1399 1186 1464; x_wconf 88' lang='lat' dir='ltr'><strong>ad</strong></span> <span class='ocrx_word' id='word_1_87' title='bbox 1210 1402 1449 1486; x_wconf 76' lang='lat' dir='ltr'><strong>Tyrannionem</strong></span> <span class='ocrx_word' id='word_1_88' title='bbox 1477 1404 1617 1485; x_wconf 84' lang='lat' dir='ltr'><strong>priorem</strong></span> <span class='ocrx_word' id='word_1_89' title='bbox 1648 1411 1807 1485; x_wconf 86' lang='lat' dir='ltr'><strong>spectare,</strong></span> <span class='ocrx_word' id='word_1_90' title='bbox 1838 1405 1894 1486; x_wconf 89' lang='lat' dir='ltr'><strong>qui</strong></span> <span class='ocrx_word' id='word_1_91' title='bbox 1917 1402 1987 1486; x_wconf 85' lang='lat' dir='ltr'><strong>ejus</strong></span> <span class='ocrx_word' id='word_1_92' title='bbox 2009 1401 2042 1465; x_wconf 91' lang='lat' dir='ltr'><strong>in</strong></span> 
     </span>
     <span class='ocr_line' id='line_1_10' title="bbox 455 1510 2042 1598; baseline -0.001 -20"><span class='ocrx_word' id='word_1_93' title='bbox 455 1514 580 1598; x_wconf 85' lang='lat' dir='ltr'><strong>scriptis</strong></span> <span class='ocrx_word' id='word_1_94' title='bbox 603 1516 670 1578; x_wconf 89' lang='lat' dir='ltr'><strong>suis</strong></span> <span class='ocrx_word' id='word_1_95' title='bbox 693 1516 885 1576; x_wconf 88' lang='lat' dir='ltr'><strong>mentiouem</strong></span> <span class='ocrx_word' id='word_1_96' title='bbox 909 1513 1053 1577; x_wconf 89' lang='lat' dir='ltr'><strong>lecerunt</strong></span> <span class='ocrx_word' id='word_1_97' title='bbox 1076 1533 1186 1577; x_wconf 88' lang='lat' dir='ltr'><strong>omnes</strong></span> <span class='ocrx_word' id='word_1_98' title='bbox 1210 1516 1428 1587; x_wconf 69' lang='lat' dir='ltr'><strong>consentiunt,</strong></span> <span class='ocrx_word' id='word_1_99' title='bbox 1451 1510 1492 1576; x_wconf 93' lang='lat' dir='ltr'><strong>de</strong></span> <span class='ocrx_word' id='word_1_100' title='bbox 1516 1511 1572 1576; x_wconf 93' lang='lat' dir='ltr'><strong>illu</strong></span> <span class='ocrx_word' id='word_1_101' title='bbox 1595 1515 1798 1598; x_wconf 77' lang='lat' dir='ltr'><strong>grammatico</strong></span> <span class='ocrx_word' id='word_1_102' title='bbox 1822 1510 1966 1598; x_wconf 84' lang='lat' dir='ltr'><strong>ejusdem</strong></span> <span class='ocrx_word' id='word_1_103' title='bbox 1982 1532 2042 1577; x_wconf 91' lang='lat' dir='ltr'><strong>no-</strong></span> 
     </span>
     <span class='ocr_line' id='line_1_11' title="bbox 456 1621 2042 1709; baseline -0.001 -21"><span class='ocrx_word' id='word_1_104' title='bbox 456 1626 563 1703; x_wconf 85' lang='lat' dir='ltr'><strong>minis,</strong></span> <span class='ocrx_word' id='word_1_105' title='bbox 594 1627 648 1708; x_wconf 90' lang='lat' dir='ltr'><strong>qui</strong></span> <span class='ocrx_word' id='word_1_106' title='bbox 673 1621 840 1688; x_wconf 90' lang='lat' dir='ltr'><strong>Ciceronis</strong></span> <span class='ocrx_word' id='word_1_107' title='bbox 870 1625 902 1686; x_wconf 94' lang='lat' dir='ltr'><strong>in</strong></span> <span class='ocrx_word' id='word_1_108' title='bbox 926 1623 1068 1708; x_wconf 89' lang='lat' dir='ltr'><strong>epistolis</strong></span> <span class='ocrx_word' id='word_1_109' title='bbox 1097 1622 1192 1688; x_wconf 87' lang='lat' dir='ltr'><strong>etad</strong></span> <span class='ocrx_word' id='word_1_110' title='bbox 1215 1623 1355 1688; x_wconf 89' lang='lat' dir='ltr'><strong>Atticum</strong></span> <span class='ocrx_word' id='word_1_111' title='bbox 1378 1634 1409 1687; x_wconf 91' lang='lat' dir='ltr'><strong>et</strong></span> <span class='ocrx_word' id='word_1_112' title='bbox 1436 1621 1477 1686; x_wconf 87' lang='lat' dir='ltr'><strong>ad</strong></span> <span class='ocrx_word' id='word_1_113' title='bbox 1502 1622 1658 1708; x_wconf 85' lang='lat' dir='ltr'><strong>Quintum</strong></span> <span class='ocrx_word' id='word_1_114' title='bbox 1688 1624 1815 1687; x_wconf 90' lang='lat' dir='ltr'><strong>lratrem</strong></span> <span class='ocrx_word' id='word_1_115' title='bbox 1845 1626 1972 1709; x_wconf 90' lang='lat' dir='ltr'><strong>saepius</strong></span> <span class='ocrx_word' id='word_1_116' title='bbox 1995 1625 2042 1687; x_wconf 93' lang='lat' dir='ltr'><strong>in-</strong></span> 
     </span>
     <span class='ocr_line' id='line_1_12' title="bbox 456 1732 2043 1820; baseline 0.001 -24"><span class='ocrx_word' id='word_1_117' title='bbox 456 1737 591 1814; x_wconf 88' lang='lat' dir='ltr'><strong>venitur,</strong></span> <span class='ocrx_word' id='word_1_118' title='bbox 620 1755 732 1820; x_wconf 79' lang='lat' dir='ltr'><strong>magua</strong></span> <span class='ocrx_word' id='word_1_119' title='bbox 756 1732 911 1799; x_wconf 88' lang='lat' dir='ltr'><strong>dissensio</strong></span> <span class='ocrx_word' id='word_1_120' title='bbox 936 1745 993 1798; x_wconf 89' lang='lat' dir='ltr'><strong>est.</strong></span> <span class='ocrx_word' id='word_1_121' title='bbox 1039 1735 1120 1798; x_wconf 85' lang='lat' dir='ltr'><strong>Nam</strong></span> <span class='ocrx_word' id='word_1_122' title='bbox 1144 1745 1174 1798; x_wconf 93' lang='lat' dir='ltr'><strong>et</strong></span> <span class='ocrx_word' id='word_1_123' title='bbox 1198 1735 1369 1813; x_wconf 91' lang='lat' dir='ltr'><strong>Kusterus,</strong></span> <span class='ocrx_word' id='word_1_124' title='bbox 1400 1744 1432 1798; x_wconf 91' lang='lat' dir='ltr'><strong>et</strong></span> <span class='ocrx_word' id='word_1_125' title='bbox 1460 1745 1569 1798; x_wconf 89' lang='lat' dir='ltr'><strong>nostra</strong></span> <span class='ocrx_word' id='word_1_126' title='bbox 1593 1737 1743 1798; x_wconf 86' lang='lat' dir='ltr'><strong>memoria</strong></span> <span class='ocrx_word' id='word_1_127' title='bbox 1768 1735 1833 1798; x_wconf 90' lang='lat' dir='ltr'><strong>lere</strong></span> <span class='ocrx_word' id='word_1_128' title='bbox 1857 1756 1968 1799; x_wconf 89' lang='lat' dir='ltr'><strong>omues</strong></span> <span class='ocrx_word' id='word_1_129' title='bbox 1991 1732 2043 1800; x_wconf 89' lang='lat' dir='ltr'><strong>vel</strong></span> 
     </span>
     <span class='ocr_line' id='line_1_13' title="bbox 456 1843 2040 1932; baseline 0.001 -23"><span class='ocrx_word' id='word_1_130' title='bbox 456 1843 561 1932; x_wconf 88' lang='lat' dir='ltr'><strong>palem</strong></span> <span class='ocrx_word' id='word_1_131' title='bbox 583 1843 635 1910; x_wconf 92' lang='lat' dir='ltr'><strong>vel</strong></span> <span class='ocrx_word' id='word_1_132' title='bbox 659 1843 829 1910; x_wconf 88' lang='lat' dir='ltr'><strong>obscurius</strong></span> <span class='ocrx_word' id='word_1_133' title='bbox 848 1848 1029 1909; x_wconf 90' lang='lat' dir='ltr'><strong>Amisenum</strong></span> <span class='ocrx_word' id='word_1_134' title='bbox 1053 1849 1285 1932; x_wconf 79' lang='lat' dir='ltr'><strong>grammaticum</strong></span> <span class='ocrx_word' id='word_1_135' title='bbox 1308 1846 1370 1930; x_wconf 88' lang='lat' dir='ltr'><strong>jam</strong></span> <span class='ocrx_word' id='word_1_136' title='bbox 1386 1847 1649 1930; x_wconf 80' lang='lat' dir='ltr'><strong>quinquagesimo</strong></span> <span class='ocrx_word' id='word_1_137' title='bbox 1672 1857 1789 1909; x_wconf 89' lang='lat' dir='ltr'><strong>octavo</strong></span> <span class='ocrx_word' id='word_1_138' title='bbox 1813 1866 1898 1910; x_wconf 87' lang='lat' dir='ltr'><strong>euno</strong></span> <span class='ocrx_word' id='word_1_139' title='bbox 1923 1867 1951 1909; x_wconf 89' lang='lat' dir='ltr'><strong>a.</strong></span> <span class='ocrx_word' id='word_1_140' title='bbox 1964 1843 2040 1912; x_wconf 91' lang='lat' dir='ltr'><strong>Chr.</strong></span> 
     </span>
     <span class='ocr_line' id='line_1_14' title="bbox 458 1955 2044 2042; baseline 0.001 -22"><span class='ocrx_word' id='word_1_141' title='bbox 458 1965 559 2022; x_wconf 89' lang='lat' dir='ltr'><strong>aetate</strong></span> <span class='ocrx_word' id='word_1_142' title='bbox 583 1956 762 2022; x_wconf 91' lang='lat' dir='ltr'><strong>conlectum</strong></span> <span class='ocrx_word' id='word_1_143' title='bbox 786 1955 928 2042; x_wconf 81' lang='lat' dir='ltr'><strong>podagra</strong></span> <span class='ocrx_word' id='word_1_144' title='bbox 952 1955 1128 2022; x_wconf 86' lang='lat' dir='ltr'><strong>decessisse</strong></span> <span class='ocrx_word' id='word_1_145' title='bbox 1152 1955 1349 2034; x_wconf 75' lang='lat' dir='ltr'><strong>coinfirmaut,</strong></span> <span class='ocrx_word' id='word_1_146' title='bbox 1375 1956 1613 2042; x_wconf 78' lang='lat' dir='ltr'><strong>Tyrannionem</strong></span> <span class='ocrx_word' id='word_1_147' title='bbox 1642 1977 1733 2037; x_wconf 91' lang='lat' dir='ltr'><strong>vero,</strong></span> <span class='ocrx_word' id='word_1_148' title='bbox 1767 1977 1834 2041; x_wconf 92' lang='lat' dir='ltr'><strong>quo</strong></span> <span class='ocrx_word' id='word_1_149' title='bbox 1858 1961 1981 2022; x_wconf 88' lang='lat' dir='ltr'><strong>Atticus</strong></span> <span class='ocrx_word' id='word_1_150' title='bbox 2012 1966 2044 2021; x_wconf 95' lang='lat' dir='ltr'><strong>et</strong></span> 
     </span>
     <span class='ocr_line' id='line_1_15' title="bbox 458 2064 1356 2152; baseline -0.003 -19"><span class='ocrx_word' id='word_1_151' title='bbox 458 2064 576 2134; x_wconf 91' lang='lat' dir='ltr'><strong>Cicero</strong></span> <span class='ocrx_word' id='word_1_152' title='bbox 600 2071 650 2132; x_wconf 90' lang='lat' dir='ltr'><strong>usi</strong></span> <span class='ocrx_word' id='word_1_153' title='bbox 673 2071 748 2147; x_wconf 89' lang='lat' dir='ltr'><strong>sint,</strong></span> <span class='ocrx_word' id='word_1_154' title='bbox 773 2067 961 2132; x_wconf 84' lang='lat' dir='ltr'><strong>Phoenicem</strong></span> <span class='ocrx_word' id='word_1_155' title='bbox 985 2068 1083 2132; x_wconf 88' lang='lat' dir='ltr'><strong>luisse</strong></span> <span class='ocrx_word' id='word_1_156' title='bbox 1106 2071 1310 2147; x_wconf 80' lang='lat' dir='ltr'><strong>existimant(</strong></span> <span class='ocrx_word' id='word_1_157' title='bbox 1332 2074 1356 2152; x_wconf 90' lang='lat'><strong>).</strong></span> 
     </span>
    </p>
   </div>
   <div class='ocr_carea' id='block_1_4' title="bbox 459 2301 2048 4745">
    <p class='ocr_par' dir='ltr' id='par_1_4' title="bbox 513 2301 1117 2376">
     <span class='ocr_line' id='line_1_16' title="bbox 513 2301 1117 2376; baseline 0 -16"><span class='ocrx_word' id='word_1_158' title='bbox 513 2304 556 2376; x_wconf 82' lang='lat'><strong>(¹)</strong></span> <span class='ocrx_word' id='word_1_159' title='bbox 575 2305 668 2360; x_wconf 86' lang='lat' dir='ltr'><strong>Strabo</strong></span> <span class='ocrx_word' id='word_1_160' title='bbox 680 2307 753 2372; x_wconf 81' lang='lat' dir='ltr'><strong>Xlll,</strong></span> <span class='ocrx_word' id='word_1_161' title='bbox 767 2301 830 2365; x_wconf 88' lang='grc'><strong>609.</strong></span> <span class='ocrx_word' id='word_1_162' title='bbox 867 2307 937 2360; x_wconf 82' lang='lat' dir='ltr'><strong>Plut.</strong></span> <span class='ocrx_word' id='word_1_163' title='bbox 951 2308 1025 2361; x_wconf 80' lang='lat' dir='ltr'><strong>Sulla</strong></span> <span class='ocrx_word' id='word_1_164' title='bbox 1037 2325 1061 2360; x_wconf 88' lang='lat' dir='ltr'><strong>c.</strong></span> <span class='ocrx_word' id='word_1_165' title='bbox 1072 2303 1117 2360; x_wconf 84' lang='grc'><strong>26.</strong></span> 
     </span>
    </p>

    <p class='ocr_par' dir='ltr' id='par_1_5' title="bbox 515 2394 782 2469">
     <span class='ocr_line' id='line_1_17' title="bbox 515 2394 782 2469; baseline -0.007 -17"><span class='ocrx_word' id='word_1_166' title='bbox 515 2394 558 2468; x_wconf 86' lang='lat'><strong>(²)</strong></span> <span class='ocrx_word' id='word_1_167' title='bbox 579 2398 636 2452; x_wconf 88' lang='lat' dir='ltr'><strong>Cic.</strong></span> <span class='ocrx_word' id='word_1_168' title='bbox 656 2398 726 2469; x_wconf 83' lang='lat' dir='ltr'><strong>Top.</strong></span> <span class='ocrx_word' id='word_1_169' title='bbox 745 2397 782 2450; x_wconf 89' lang='lat' dir='ltr'><strong>in.</strong></span> 
     </span>
    </p>

    <p class='ocr_par' dir='ltr' id='par_1_6' title="bbox 459 2491 2048 4745">
     <span class='ocr_line' id='line_1_18' title="bbox 513 2491 2045 2570; baseline 0.002 -22"><span class='ocrx_word' id='word_1_170' title='bbox 513 2491 555 2566; x_wconf 81' lang='lat'><strong>(³)</strong></span> <span class='ocrx_word' id='word_1_171' title='bbox 576 2495 661 2564; x_wconf 87' lang='lat' dir='ltr'><strong>Quem</strong></span> <span class='ocrx_word' id='word_1_172' title='bbox 673 2505 772 2568; x_wconf 89' lang='lat' dir='ltr'><strong>partem</strong></span> <span class='ocrx_word' id='word_1_173' title='bbox 785 2495 812 2548; x_wconf 93' lang='lat' dir='ltr'><strong>iu</strong></span> <span class='ocrx_word' id='word_1_174' title='bbox 827 2494 973 2550; x_wconf 88' lang='lat' dir='ltr'><strong>Aristolelis</strong></span> <span class='ocrx_word' id='word_1_175' title='bbox 986 2495 1059 2550; x_wconf 92' lang='lat' dir='ltr'><strong>libris</strong></span> <span class='ocrx_word' id='word_1_176' title='bbox 1072 2494 1181 2550; x_wconf 89' lang='lat' dir='ltr'><strong>edendis</strong></span> <span class='ocrx_word' id='word_1_177' title='bbox 1194 2495 1329 2569; x_wconf 87' lang='lat' dir='ltr'><strong>Tyrannio</strong></span> <span class='ocrx_word' id='word_1_178' title='bbox 1343 2495 1461 2550; x_wconf 83' lang='lat' dir='ltr'><strong>hebuerit</strong></span> <span class='ocrx_word' id='word_1_179' title='bbox 1473 2495 1578 2568; x_wconf 89' lang='lat' dir='ltr'><strong>saepius</strong></span> <span class='ocrx_word' id='word_1_180' title='bbox 1591 2496 1738 2570; x_wconf 89' lang='lat' dir='ltr'><strong>quaesitum</strong></span> <span class='ocrx_word' id='word_1_181' title='bbox 1757 2505 1798 2552; x_wconf 88' lang='lat' dir='ltr'><strong>ast</strong></span> <span class='ocrx_word' id='word_1_182' title='bbox 1816 2495 1864 2550; x_wconf 91' lang='lat' dir='ltr'><strong>aad</strong></span> <span class='ocrx_word' id='word_1_183' title='bbox 1876 2496 1965 2550; x_wconf 81' lang='lat' dir='ltr'><strong>verina</strong></span> <span class='ocrx_word' id='word_1_184' title='bbox 1983 2507 2045 2552; x_wconf 90' lang='lat' dir='ltr'><strong>suut</strong></span> 
     </span>
     <span class='ocr_line' id='line_1_19' title="bbox 459 2585 2043 2662; baseline 0.001 -22"><span class='ocrx_word' id='word_1_185' title='bbox 459 2586 671 2640; x_wconf 86' lang='lat' dir='ltr'><strong>doctissimorum</strong></span> <span class='ocrx_word' id='word_1_186' title='bbox 684 2585 817 2638; x_wconf 92' lang='lat' dir='ltr'><strong>hominum</strong></span> <span class='ocrx_word' id='word_1_187' title='bbox 830 2597 856 2639; x_wconf 90' lang='lat' dir='ltr'><strong>st</strong></span> <span class='ocrx_word' id='word_1_188' title='bbox 868 2587 1046 2659; x_wconf 72' lang='lat' dir='ltr'><strong>discrepantes</strong></span> <span class='ocrx_word' id='word_1_189' title='bbox 1059 2588 1212 2641; x_wconf 88' lang='lat' dir='ltr'><strong>sententiae.</strong></span> <span class='ocrx_word' id='word_1_190' title='bbox 1245 2587 1286 2640; x_wconf 83' lang='lat' dir='ltr'><strong>Cf.</strong></span> <span class='ocrx_word' id='word_1_191' title='bbox 1301 2587 1450 2642; x_wconf 84' lang='lat' dir='ltr'><strong>Schneider.</strong></span> <span class='ocrx_word' id='word_1_192' title='bbox 1471 2587 1550 2658; x_wconf 84' lang='lat' dir='ltr'><strong>praei.</strong></span> <span class='ocrx_word' id='word_1_193' title='bbox 1570 2587 1604 2639; x_wconf 86' lang='lat' dir='ltr'><strong>ad</strong></span> <span class='ocrx_word' id='word_1_194' title='bbox 1619 2588 1697 2640; x_wconf 85' lang='lat' dir='ltr'><strong>Arist.</strong></span> <span class='ocrx_word' id='word_1_195' title='bbox 1717 2589 1751 2640; x_wconf 84' lang='lat' dir='ltr'><strong>ll.</strong></span> <span class='ocrx_word' id='word_1_196' title='bbox 1766 2591 1796 2641; x_wconf 84' lang='lat' dir='ltr'><strong>A</strong></span> <span class='ocrx_word' id='word_1_197' title='bbox 1810 2589 1862 2641; x_wconf 82' lang='lat' dir='ltr'><strong>vel.</strong></span> <span class='ocrx_word' id='word_1_198' title='bbox 1873 2591 1892 2654; x_wconf 87' lang='grc' dir='ltr'><strong>Ι,</strong></span> <span class='ocrx_word' id='word_1_199' title='bbox 1911 2607 1938 2660; x_wconf 84' lang='lat' dir='ltr'><strong>p·</strong></span> <span class='ocrx_word' id='word_1_200' title='bbox 1951 2591 2043 2662; x_wconf 81' lang='lat' dir='ltr'><strong>85.sq.</strong></span> 
     </span>
     <span class='ocr_line' id='line_1_20' title="bbox 459 2669 2044 2750; baseline 0.001 -18"><span class='ocrx_word' id='word_1_201' title='bbox 459 2675 616 2732; x_wconf 84' lang='lat' dir='ltr'><strong>BrendisRh</strong></span> <span class='ocrx_word' id='word_1_202' title='bbox 633 2676 796 2750; x_wconf 75' lang='lat' dir='ltr'><strong>Mundahrg.</strong></span> <span class='ocrx_word' id='word_1_203' title='bbox 810 2679 828 2731; x_wconf 94' lang='lat' dir='ltr'><strong>l.</strong></span> <span class='ocrx_word' id='word_1_204' title='bbox 842 2697 867 2749; x_wconf 93' lang='lat' dir='ltr'><strong>p.</strong></span> <span class='ocrx_word' id='word_1_205' title='bbox 879 2679 940 2732; x_wconf 78' lang='lat'><strong>237.</strong></span> <span class='ocrx_word' id='word_1_206' title='bbox 960 2673 1591 2749; x_wconf 72' lang='lat' dir='ltr'><strong>unimam.tahnusatnt.tt’hitot.suppt111.</strong></span> <span class='ocrx_word' id='word_1_207' title='bbox 1605 2698 1630 2750; x_wconf 91' lang='lat' dir='ltr'><strong>p.</strong></span> <span class='ocrx_word' id='word_1_208' title='bbox 1640 2669 1691 2729; x_wconf 79' lang='lat' dir='ltr'><strong>tet</strong></span> <span class='ocrx_word' id='word_1_209' title='bbox 1700 2696 1740 2749; x_wconf 91' lang='lat' dir='ltr'><strong>sq.</strong></span> <span class='ocrx_word' id='word_1_210' title='bbox 1769 2678 2044 2734; x_wconf 87' lang='lat' dir='ltr'><strong>Graeleuhan.Gesch.</strong></span> 
     </span>
     <span class='ocr_line' id='line_1_21' title="bbox 460 2766 2044 2840; baseline -0.001 -16"><span class='ocrx_word' id='word_1_211' title='bbox 460 2769 485 2824; x_wconf 86' lang='lat' dir='ltr'><strong>d.</strong></span> <span class='ocrx_word' id='word_1_212' title='bbox 499 2769 580 2822; x_wconf 81' lang='lat' dir='ltr'><strong>klass.</strong></span> <span class='ocrx_word' id='word_1_213' title='bbox 595 2768 689 2822; x_wconf 91' lang='lat' dir='ltr'><strong>Philol.</strong></span> <span class='ocrx_word' id='word_1_214' title='bbox 703 2769 722 2832; x_wconf 94' lang='lat' dir='ltr'><strong>l,</strong></span> <span class='ocrx_word' id='word_1_215' title='bbox 736 2786 760 2839; x_wconf 91' lang='lat' dir='ltr'><strong>p.</strong></span> <span class='ocrx_word' id='word_1_216' title='bbox 769 2769 824 2823; x_wconf 81' lang='grc'><strong>357</strong></span> <span class='ocrx_word' id='word_1_217' title='bbox 838 2778 886 2822; x_wconf 87' lang='lat' dir='ltr'><strong>stc.</strong></span> <span class='ocrx_word' id='word_1_218' title='bbox 924 2770 1125 2823; x_wconf 85' lang='lat' dir='ltr'><strong>Accusatissime</strong></span> <span class='ocrx_word' id='word_1_219' title='bbox 1142 2769 1175 2822; x_wconf 92' lang='lat' dir='ltr'><strong>ds</strong></span> <span class='ocrx_word' id='word_1_220' title='bbox 1194 2769 1242 2822; x_wconf 86' lang='lat' dir='ltr'><strong>hac</strong></span> <span class='ocrx_word' id='word_1_221' title='bbox 1261 2787 1287 2821; x_wconf 92' lang='lat' dir='ltr'><strong>re</strong></span> <span class='ocrx_word' id='word_1_222' title='bbox 1300 2766 1446 2840; x_wconf 81' lang='lat' dir='ltr'><strong>disputavit</strong></span> <span class='ocrx_word' id='word_1_223' title='bbox 1458 2766 1577 2821; x_wconf 88' lang='lat' dir='ltr'><strong>Stahrius</strong></span> <span class='ocrx_word' id='word_1_224' title='bbox 1592 2767 1670 2822; x_wconf 75' lang='lat' dir='ltr'><strong>Arist.</strong></span> <span class='ocrx_word' id='word_1_225' title='bbox 1683 2771 1714 2832; x_wconf 88' lang='lat' dir='ltr'><strong>ll,</strong></span> <span class='ocrx_word' id='word_1_226' title='bbox 1728 2786 1752 2839; x_wconf 94' lang='lat' dir='ltr'><strong>p.</strong></span> <span class='ocrx_word' id='word_1_227' title='bbox 1764 2771 1824 2833; x_wconf 81' lang='grc'><strong>128,</strong></span> <span class='ocrx_word' id='word_1_228' title='bbox 1838 2770 1882 2840; x_wconf 89' lang='lat' dir='ltr'><strong>qui</strong></span> <span class='ocrx_word' id='word_1_229' title='bbox 1896 2769 2044 2840; x_wconf 86' lang='lat' dir='ltr'><strong>Tyrannio-</strong></span> 
     </span>
     <span class='ocr_line' id='line_1_22' title="bbox 459 2857 2043 2931; baseline -0.001 -17"><span class='ocrx_word' id='word_1_230' title='bbox 459 2879 519 2916; x_wconf 85' lang='lat' dir='ltr'><strong>nem</strong></span> <span class='ocrx_word' id='word_1_231' title='bbox 532 2877 548 2913; x_wconf 87' lang='lat' dir='ltr'><strong>s</strong></span> <span class='ocrx_word' id='word_1_232' title='bbox 560 2858 691 2931; x_wconf 89' lang='lat' dir='ltr'><strong>praelecto</strong></span> <span class='ocrx_word' id='word_1_233' title='bbox 705 2858 879 2912; x_wconf 86' lang='lat' dir='ltr'><strong>bibliothecae</strong></span> <span class='ocrx_word' id='word_1_234' title='bbox 891 2859 1049 2930; x_wconf 83' lang='lat' dir='ltr'><strong>exemplaria</strong></span> <span class='ocrx_word' id='word_1_235' title='bbox 1061 2879 1113 2914; x_wconf 90' lang='lat' dir='ltr'><strong>non</strong></span> <span class='ocrx_word' id='word_1_236' title='bbox 1132 2861 1216 2914; x_wconf 89' lang='lat' dir='ltr'><strong>sulum</strong></span> <span class='ocrx_word' id='word_1_237' title='bbox 1230 2876 1296 2931; x_wconf 88' lang='lat' dir='ltr'><strong>qnae</strong></span> <span class='ocrx_word' id='word_1_238' title='bbox 1310 2859 1407 2930; x_wconf 83' lang='lat' dir='ltr'><strong>legeret</strong></span> <span class='ocrx_word' id='word_1_239' title='bbox 1419 2857 1465 2911; x_wconf 90' lang='lat' dir='ltr'><strong>sad</strong></span> <span class='ocrx_word' id='word_1_240' title='bbox 1479 2858 1506 2910; x_wconf 94' lang='lat' dir='ltr'><strong>iu</strong></span> <span class='ocrx_word' id='word_1_241' title='bbox 1519 2857 1598 2910; x_wconf 90' lang='lat' dir='ltr'><strong>dumo</strong></span> <span class='ocrx_word' id='word_1_242' title='bbox 1617 2875 1665 2910; x_wconf 86' lang='lat' dir='ltr'><strong>sua</strong></span> <span class='ocrx_word' id='word_1_243' title='bbox 1681 2858 1787 2912; x_wconf 90' lang='lat' dir='ltr'><strong>heberet</strong></span> <span class='ocrx_word' id='word_1_244' title='bbox 1805 2859 1957 2930; x_wconf 87' lang='lat' dir='ltr'><strong>impetrasse</strong></span> <span class='ocrx_word' id='word_1_245' title='bbox 1971 2861 2043 2912; x_wconf 84' lang='lat' dir='ltr'><strong>Stre-</strong></span> 
     </span>
     <span class='ocr_line' id='line_1_23' title="bbox 459 2947 2044 3022; baseline -0.001 -17"><span class='ocrx_word' id='word_1_246' title='bbox 459 2951 536 3005; x_wconf 90' lang='lat' dir='ltr'><strong>bonia</strong></span> <span class='ocrx_word' id='word_1_247' title='bbox 549 2960 575 3004; x_wconf 90' lang='lat' dir='ltr'><strong>et</strong></span> <span class='ocrx_word' id='word_1_248' title='bbox 588 2949 718 3004; x_wconf 72' lang='lat' dir='ltr'><strong>Plutarchi</strong></span> <span class='ocrx_word' id='word_1_249' title='bbox 732 2950 819 3004; x_wconf 87' lang='lat' dir='ltr'><strong>verbis</strong></span> <span class='ocrx_word' id='word_1_250' title='bbox 833 2949 1003 3004; x_wconf 82' lang='lat' dir='ltr'><strong>confirmavit.</strong></span> <span class='ocrx_word' id='word_1_251' title='bbox 1039 2950 1130 3004; x_wconf 85' lang='lat' dir='ltr'><strong>Libros</strong></span> <span class='ocrx_word' id='word_1_252' title='bbox 1143 2960 1266 3022; x_wconf 87' lang='lat' dir='ltr'><strong>acceptos</strong></span> <span class='ocrx_word' id='word_1_253' title='bbox 1279 2949 1473 3022; x_wconf 84' lang='lat' dir='ltr'><strong>Tyrannionem</strong></span> <span class='ocrx_word' id='word_1_254' title='bbox 1491 2947 1699 3002; x_wconf 89' lang='lat' dir='ltr'><strong>transcribendos</strong></span> <span class='ocrx_word' id='word_1_255' title='bbox 1718 2967 1821 3002; x_wconf 84' lang='lat' dir='ltr'><strong>curasse</strong></span> <span class='ocrx_word' id='word_1_256' title='bbox 1839 2967 1925 3020; x_wconf 91' lang='lat' dir='ltr'><strong>neque</strong></span> <span class='ocrx_word' id='word_1_257' title='bbox 1944 2968 2044 3004; x_wconf 87' lang='lat' dir='ltr'><strong>memo·</strong></span> 
     </span>
     <span class='ocr_line' id='line_1_24' title="bbox 460 3038 2043 3113; baseline -0.001 -18"><span class='ocrx_word' id='word_1_258' title='bbox 460 3042 513 3096; x_wconf 88' lang='lat' dir='ltr'><strong>ries</strong></span> <span class='ocrx_word' id='word_1_259' title='bbox 529 3039 661 3113; x_wconf 89' lang='lat' dir='ltr'><strong>proditum</strong></span> <span class='ocrx_word' id='word_1_260' title='bbox 679 3050 720 3092; x_wconf 90' lang='lat' dir='ltr'><strong>est</strong></span> <span class='ocrx_word' id='word_1_261' title='bbox 731 3059 815 3112; x_wconf 89' lang='lat' dir='ltr'><strong>neque</strong></span> <span class='ocrx_word' id='word_1_262' title='bbox 829 3059 888 3092; x_wconf 93' lang='lat' dir='ltr'><strong>snm</strong></span> <span class='ocrx_word' id='word_1_263' title='bbox 906 3041 934 3093; x_wconf 91' lang='lat' dir='ltr'><strong>id</strong></span> <span class='ocrx_word' id='word_1_264' title='bbox 953 3041 1047 3094; x_wconf 83' lang='lat' dir='ltr'><strong>iecisse</strong></span> <span class='ocrx_word' id='word_1_265' title='bbox 1066 3041 1222 3094; x_wconf 85' lang='lat' dir='ltr'><strong>existimem.</strong></span> <span class='ocrx_word' id='word_1_266' title='bbox 1259 3043 1326 3092; x_wconf 89' lang='lat' dir='ltr'><strong>Nem</strong></span> <span class='ocrx_word' id='word_1_267' title='bbox 1343 3039 1366 3092; x_wconf 90' lang='lat' dir='ltr'><strong>si</strong></span> <span class='ocrx_word' id='word_1_268' title='bbox 1380 3057 1426 3092; x_wconf 88' lang='lat' dir='ltr'><strong>eos</strong></span> <span class='ocrx_word' id='word_1_269' title='bbox 1440 3038 1580 3102; x_wconf 90' lang='lat' dir='ltr'><strong>edidisset,</strong></span> <span class='ocrx_word' id='word_1_270' title='bbox 1600 3039 1732 3110; x_wconf 88' lang='lat' dir='ltr'><strong>quomode</strong></span> <span class='ocrx_word' id='word_1_271' title='bbox 1752 3039 1807 3092; x_wconf 84' lang='lat' dir='ltr'><strong>fieri</strong></span> <span class='ocrx_word' id='word_1_272' title='bbox 1821 3041 1914 3111; x_wconf 86' lang='lat' dir='ltr'><strong>potuit,</strong></span> <span class='ocrx_word' id='word_1_273' title='bbox 1934 3051 1963 3093; x_wconf 91' lang='lat' dir='ltr'><strong>ut</strong></span> <span class='ocrx_word' id='word_1_274' title='bbox 1975 3059 2043 3094; x_wconf 87' lang='lat' dir='ltr'><strong>anuo</strong></span> 
     </span>
     <span class='ocr_line' id='line_1_25' title="bbox 460 3129 2044 3206; baseline 0 -21"><span class='ocrx_word' id='word_1_275' title='bbox 460 3132 657 3206; x_wconf 83' lang='lat' dir='ltr'><strong>quadragesimo</strong></span> <span class='ocrx_word' id='word_1_276' title='bbox 672 3141 763 3202; x_wconf 85' lang='lat' dir='ltr'><strong>quarto</strong></span> <span class='ocrx_word' id='word_1_277' title='bbox 783 3148 799 3184; x_wconf 86' lang='lat' dir='ltr'><strong>e</strong></span> <span class='ocrx_word' id='word_1_278' title='bbox 816 3131 874 3185; x_wconf 89' lang='lat' dir='ltr'><strong>Chr.</strong></span> <span class='ocrx_word' id='word_1_279' title='bbox 892 3131 985 3203; x_wconf 83' lang='lat' dir='ltr'><strong>viginti</strong></span> <span class='ocrx_word' id='word_1_280' title='bbox 1000 3142 1110 3202; x_wconf 89' lang='lat' dir='ltr'><strong>quatuor</strong></span> <span class='ocrx_word' id='word_1_281' title='bbox 1122 3131 1196 3184; x_wconf 86' lang='lat' dir='ltr'><strong>annis</strong></span> <span class='ocrx_word' id='word_1_282' title='bbox 1210 3141 1269 3203; x_wconf 89' lang='lat' dir='ltr'><strong>post</strong></span> <span class='ocrx_word' id='word_1_283' title='bbox 1283 3149 1359 3202; x_wconf 89' lang='lat' dir='ltr'><strong>quem</strong></span> <span class='ocrx_word' id='word_1_284' title='bbox 1373 3129 1507 3202; x_wconf 87' lang='lat' dir='ltr'><strong>Tyrannio</strong></span> <span class='ocrx_word' id='word_1_285' title='bbox 1522 3131 1631 3182; x_wconf 81' lang='lat' dir='ltr'><strong>Romam</strong></span> <span class='ocrx_word' id='word_1_286' title='bbox 1644 3131 1725 3195; x_wconf 86' lang='lat' dir='ltr'><strong>venit,</strong></span> <span class='ocrx_word' id='word_1_287' title='bbox 1743 3129 1775 3182; x_wconf 92' lang='lat' dir='ltr'><strong>ab</strong></span> <span class='ocrx_word' id='word_1_288' title='bbox 1794 3131 1859 3202; x_wconf 88' lang='lat' dir='ltr'><strong>ipsis</strong></span> <span class='ocrx_word' id='word_1_289' title='bbox 1879 3130 2044 3203; x_wconf 89' lang='lat' dir='ltr'><strong>philosophis</strong></span> 
     </span>
     <span class='ocr_line' id='line_1_26' title="bbox 459 3220 2045 3296; baseline -0.001 -19"><span class='ocrx_word' id='word_1_290' title='bbox 459 3233 562 3296; x_wconf 87' lang='lat' dir='ltr'><strong>praeter</strong></span> <span class='ocrx_word' id='word_1_291' title='bbox 574 3222 713 3276; x_wconf 91' lang='lat' dir='ltr'><strong>admodum</strong></span> <span class='ocrx_word' id='word_1_292' title='bbox 727 3240 825 3294; x_wconf 90' lang='lat' dir='ltr'><strong>pancos</strong></span> <span class='ocrx_word' id='word_1_293' title='bbox 838 3222 1032 3295; x_wconf 83' lang='lat' dir='ltr'><strong>ignorarentur?</strong></span> <span class='ocrx_word' id='word_1_294' title='bbox 1057 3223 1169 3274; x_wconf 86' lang='lat' dir='ltr'><strong>Tantum</strong></span> <span class='ocrx_word' id='word_1_295' title='bbox 1183 3223 1259 3293; x_wconf 84' lang='lat' dir='ltr'><strong>igitur</strong></span> <span class='ocrx_word' id='word_1_296' title='bbox 1273 3220 1423 3274; x_wconf 88' lang='lat' dir='ltr'><strong>thesaurum</strong></span> <span class='ocrx_word' id='word_1_297' title='bbox 1436 3222 1479 3274; x_wconf 89' lang='lat' dir='ltr'><strong>vel</strong></span> <span class='ocrx_word' id='word_1_298' title='bbox 1488 3220 1537 3273; x_wconf 87' lang='lat' dir='ltr'><strong>sihi</strong></span> <span class='ocrx_word' id='word_1_299' title='bbox 1551 3221 1699 3274; x_wconf 73' lang='lat' dir='ltr'><strong>removisse</strong></span> <span class='ocrx_word' id='word_1_300' title='bbox 1711 3221 1755 3275; x_wconf 90' lang='lat' dir='ltr'><strong>vel</strong></span> <span class='ocrx_word' id='word_1_301' title='bbox 1768 3239 1826 3275; x_wconf 87' lang='lat' dir='ltr'><strong>cum</strong></span> <span class='ocrx_word' id='word_1_302' title='bbox 1840 3223 1931 3293; x_wconf 85' lang='lat' dir='ltr'><strong>paucis</strong></span> <span class='ocrx_word' id='word_1_303' title='bbox 1945 3232 2045 3276; x_wconf 86' lang='lat' dir='ltr'><strong>tautum</strong></span> 
     </span>
     <span class='ocr_line' id='line_1_27' title="bbox 460 3311 2045 3384; baseline 0 -16"><span class='ocrx_word' id='word_1_304' title='bbox 460 3314 560 3378; x_wconf 83' lang='lat' dir='ltr'><strong>amicis,</strong></span> <span class='ocrx_word' id='word_1_305' title='bbox 573 3322 601 3366; x_wconf 92' lang='lat' dir='ltr'><strong>ut</strong></span> <span class='ocrx_word' id='word_1_306' title='bbox 615 3331 672 3366; x_wconf 89' lang='lat' dir='ltr'><strong>oum</strong></span> <span class='ocrx_word' id='word_1_307' title='bbox 687 3313 774 3366; x_wconf 86' lang='lat' dir='ltr'><strong>Attico</strong></span> <span class='ocrx_word' id='word_1_308' title='bbox 789 3323 814 3366; x_wconf 92' lang='lat' dir='ltr'><strong>at</strong></span> <span class='ocrx_word' id='word_1_309' title='bbox 828 3314 962 3378; x_wconf 89' lang='lat' dir='ltr'><strong>Cicerone,</strong></span> <span class='ocrx_word' id='word_1_310' title='bbox 976 3313 1182 3366; x_wconf 87' lang='lat' dir='ltr'><strong>communicasse</strong></span> <span class='ocrx_word' id='word_1_311' title='bbox 1195 3313 1305 3368; x_wconf 89' lang='lat' dir='ltr'><strong>videtur.</strong></span> <span class='ocrx_word' id='word_1_312' title='bbox 1337 3313 1429 3384; x_wconf 83' lang='lat' dir='ltr'><strong>Neque</strong></span> <span class='ocrx_word' id='word_1_313' title='bbox 1442 3329 1505 3366; x_wconf 87' lang='lat' dir='ltr'><strong>vero</strong></span> <span class='ocrx_word' id='word_1_314' title='bbox 1518 3329 1570 3364; x_wconf 90' lang='lat' dir='ltr'><strong>uun</strong></span> <span class='ocrx_word' id='word_1_315' title='bbox 1583 3311 1683 3376; x_wconf 92' lang='lat' dir='ltr'><strong>dubito,</strong></span> <span class='ocrx_word' id='word_1_316' title='bbox 1697 3331 1730 3365; x_wconf 88' lang='lat' dir='ltr'><strong>en</strong></span> <span class='ocrx_word' id='word_1_317' title='bbox 1745 3313 1836 3367; x_wconf 87' lang='lat' dir='ltr'><strong>Cicero</strong></span> <span class='ocrx_word' id='word_1_318' title='bbox 1850 3322 1931 3366; x_wconf 89' lang='lat' dir='ltr'><strong>tutam</strong></span> <span class='ocrx_word' id='word_1_319' title='bbox 1945 3313 2045 3368; x_wconf 88' lang='lat' dir='ltr'><strong>Aristo-</strong></span> 
     </span>
     <span class='ocr_line' id='line_1_28' title="bbox 460 3402 2045 3476; baseline -0.002 -17"><span class='ocrx_word' id='word_1_320' title='bbox 460 3405 520 3459; x_wconf 89' lang='lat' dir='ltr'><strong>telis</strong></span> <span class='ocrx_word' id='word_1_321' title='bbox 533 3404 657 3458; x_wconf 87' lang='lat' dir='ltr'><strong>librorum</strong></span> <span class='ocrx_word' id='word_1_322' title='bbox 675 3404 800 3458; x_wconf 90' lang='lat' dir='ltr'><strong>rationem</strong></span> <span class='ocrx_word' id='word_1_323' title='bbox 819 3404 1017 3475; x_wconf 82' lang='lat' dir='ltr'><strong>e&#39;l&#39;yraunious</strong></span> <span class='ocrx_word' id='word_1_324' title='bbox 1035 3402 1172 3474; x_wconf 82' lang='lat' dir='ltr'><strong>acceperit.</strong></span> <span class='ocrx_word' id='word_1_325' title='bbox 1210 3404 1375 3474; x_wconf 84' lang='lat' dir='ltr'><strong>Quemquam</strong></span> <span class='ocrx_word' id='word_1_326' title='bbox 1395 3403 1464 3456; x_wconf 88' lang='lat' dir='ltr'><strong>enim</strong></span> <span class='ocrx_word' id='word_1_327' title='bbox 1483 3402 1689 3456; x_wconf 88' lang='lat' dir='ltr'><strong>versatissimum</strong></span> <span class='ocrx_word' id='word_1_328' title='bbox 1707 3403 1735 3456; x_wconf 92' lang='lat' dir='ltr'><strong>in</strong></span> <span class='ocrx_word' id='word_1_329' title='bbox 1754 3403 1854 3476; x_wconf 80' lang='lat' dir='ltr'><strong>graecis</strong></span> <span class='ocrx_word' id='word_1_330' title='bbox 1872 3403 1967 3456; x_wconf 88' lang='lat' dir='ltr'><strong>litteris</strong></span> <span class='ocrx_word' id='word_1_331' title='bbox 1986 3421 2045 3457; x_wconf 84' lang='lat' dir='ltr'><strong>eum</strong></span> 
     </span>
     <span class='ocr_line' id='line_1_29' title="bbox 459 3494 2045 3567; baseline -0.001 -17"><span class='ocrx_word' id='word_1_332' title='bbox 459 3495 543 3550; x_wconf 84' lang='lat' dir='ltr'><strong>luisse</strong></span> <span class='ocrx_word' id='word_1_333' title='bbox 555 3505 684 3567; x_wconf 88' lang='lat' dir='ltr'><strong>putamus,</strong></span> <span class='ocrx_word' id='word_1_334' title='bbox 703 3496 814 3549; x_wconf 89' lang='lat' dir='ltr'><strong>eundem</strong></span> <span class='ocrx_word' id='word_1_335' title='bbox 827 3505 912 3548; x_wconf 89' lang='lat' dir='ltr'><strong>tamen</strong></span> <span class='ocrx_word' id='word_1_336' title='bbox 926 3494 1097 3548; x_wconf 84' lang='lat' dir='ltr'><strong>obscuritates</strong></span> <span class='ocrx_word' id='word_1_337' title='bbox 1117 3511 1182 3566; x_wconf 87' lang='lat' dir='ltr'><strong>quas</strong></span> <span class='ocrx_word' id='word_1_338' title='bbox 1200 3494 1297 3566; x_wconf 90' lang='lat' dir='ltr'><strong>scripta</strong></span> <span class='ocrx_word' id='word_1_339' title='bbox 1311 3494 1459 3546; x_wconf 88' lang='lat' dir='ltr'><strong>Aristotelis</strong></span> <span class='ocrx_word' id='word_1_340' title='bbox 1477 3503 1504 3546; x_wconf 92' lang='lat' dir='ltr'><strong>et</strong></span> <span class='ocrx_word' id='word_1_341' title='bbox 1521 3511 1553 3546; x_wconf 88' lang='lat' dir='ltr'><strong>ea</strong></span> <span class='ocrx_word' id='word_1_342' title='bbox 1571 3504 1691 3565; x_wconf 78' lang='lat' dir='ltr'><strong>coempta</strong></span> <span class='ocrx_word' id='word_1_343' title='bbox 1708 3494 1862 3566; x_wconf 86' lang='lat' dir='ltr'><strong>praeberent</strong></span> <span class='ocrx_word' id='word_1_344' title='bbox 1879 3513 1970 3547; x_wconf 90' lang='lat' dir='ltr'><strong>omnes</strong></span> <span class='ocrx_word' id='word_1_345' title='bbox 1989 3494 2045 3548; x_wconf 87' lang='lat' dir='ltr'><strong>sine</strong></span> 
     </span>
     <span class='ocr_line' id='line_1_30' title="bbox 461 3584 2044 3658; baseline 0.001 -20"><span class='ocrx_word' id='word_1_346' title='bbox 461 3585 571 3639; x_wconf 88' lang='lat' dir='ltr'><strong>rhetoris</strong></span> <span class='ocrx_word' id='word_1_347' title='bbox 585 3605 635 3658; x_wconf 91' lang='lat' dir='ltr'><strong>ope</strong></span> <span class='ocrx_word' id='word_1_348' title='bbox 652 3587 814 3640; x_wconf 85' lang='lat' dir='ltr'><strong>intellexisse</strong></span> <span class='ocrx_word' id='word_1_349' title='bbox 832 3584 980 3657; x_wconf 89' lang='lat' dir='ltr'><strong>persuaderi</strong></span> <span class='ocrx_word' id='word_1_350' title='bbox 999 3585 1075 3638; x_wconf 91' lang='lat' dir='ltr'><strong>nohis</strong></span> <span class='ocrx_word' id='word_1_351' title='bbox 1093 3603 1146 3638; x_wconf 91' lang='lat' dir='ltr'><strong>uon</strong></span> <span class='ocrx_word' id='word_1_352' title='bbox 1165 3594 1262 3657; x_wconf 85' lang='lat' dir='ltr'><strong>potest.</strong></span> <span class='ocrx_word' id='word_1_353' title='bbox 1300 3585 1476 3656; x_wconf 80' lang='lat' dir='ltr'><strong>Tyrannionis</strong></span> <span class='ocrx_word' id='word_1_354' title='bbox 1494 3601 1557 3636; x_wconf 87' lang='lat' dir='ltr'><strong>raro</strong></span> <span class='ocrx_word' id='word_1_355' title='bbox 1571 3602 1651 3655; x_wconf 89' lang='lat' dir='ltr'><strong>opere</strong></span> <span class='ocrx_word' id='word_1_356' title='bbox 1668 3602 1701 3636; x_wconf 88' lang='lat' dir='ltr'><strong>an</strong></span> <span class='ocrx_word' id='word_1_357' title='bbox 1720 3595 1834 3638; x_wconf 89' lang='lat' dir='ltr'><strong>uteretur</strong></span> <span class='ocrx_word' id='word_1_358' title='bbox 1846 3596 1946 3656; x_wconf 83' lang='lat' dir='ltr'><strong>postea,</strong></span> <span class='ocrx_word' id='word_1_359' title='bbox 1965 3604 2044 3657; x_wconf 69' lang='grc' dir='ltr'><strong>ιιιιιιιι</strong></span> 
     </span>
     <span class='ocr_line' id='line_1_31' title="bbox 461 3674 2045 3748; baseline -0.001 -18"><span class='ocrx_word' id='word_1_360' title='bbox 461 3676 540 3732; x_wconf 88' lang='lat' dir='ltr'><strong>simili</strong></span> <span class='ocrx_word' id='word_1_361' title='bbox 554 3675 699 3732; x_wconf 82' lang='lat' dir='ltr'><strong>alliceretur</strong></span> <span class='ocrx_word' id='word_1_362' title='bbox 715 3676 877 3742; x_wconf 76' lang='lat' dir='ltr'><strong>difficultate,</strong></span> <span class='ocrx_word' id='word_1_363' title='bbox 896 3687 925 3730; x_wconf 90' lang='lat' dir='ltr'><strong>ut</strong></span> <span class='ocrx_word' id='word_1_364' title='bbox 943 3677 1010 3730; x_wconf 83' lang='lat' dir='ltr'><strong>inire</strong></span> <span class='ocrx_word' id='word_1_365' title='bbox 1028 3675 1236 3740; x_wconf 84' lang='lat' dir='ltr'><strong>monstrabimus,</strong></span> <span class='ocrx_word' id='word_1_366' title='bbox 1256 3693 1314 3728; x_wconf 91' lang='lat' dir='ltr'><strong>eum</strong></span> <span class='ocrx_word' id='word_1_367' title='bbox 1333 3674 1438 3728; x_wconf 85' lang='lat' dir='ltr'><strong>haerere</strong></span> <span class='ocrx_word' id='word_1_368' title='bbox 1455 3674 1583 3730; x_wconf 87' lang='lat' dir='ltr'><strong>videmus.</strong></span> <span class='ocrx_word' id='word_1_369' title='bbox 1620 3679 1768 3748; x_wconf 81' lang='lat' dir='ltr'><strong>Antequam</strong></span> <span class='ocrx_word' id='word_1_370' title='bbox 1781 3675 1915 3747; x_wconf 85' lang='lat' dir='ltr'><strong>Tyrannio</strong></span> <span class='ocrx_word' id='word_1_371' title='bbox 1935 3677 2045 3729; x_wconf 80' lang='lat' dir='ltr'><strong>Romam</strong></span> 
     </span>
     <span class='ocr_line' id='line_1_32' title="bbox 460 3757 2045 3839; baseline 0 -19"><span class='ocrx_word' id='word_1_372' title='bbox 460 3768 541 3832; x_wconf 83' lang='lat' dir='ltr'><strong>venit,</strong></span> <span class='ocrx_word' id='word_1_373' title='bbox 561 3767 713 3822; x_wconf 89' lang='lat' dir='ltr'><strong>Ciceronem</strong></span> <span class='ocrx_word' id='word_1_374' title='bbox 729 3768 875 3822; x_wconf 90' lang='lat' dir='ltr'><strong>Aristotelis</strong></span> <span class='ocrx_word' id='word_1_375' title='bbox 889 3766 968 3822; x_wconf 89' lang='lat' dir='ltr'><strong>libros</strong></span> <span class='ocrx_word' id='word_1_376' title='bbox 979 3769 1033 3839; x_wconf 85' lang='lat' dir='ltr'><strong>jem</strong></span> <span class='ocrx_word' id='word_1_377' title='bbox 1045 3767 1149 3838; x_wconf 79' lang='lat' dir='ltr'><strong>legisse,</strong></span> <span class='ocrx_word' id='word_1_378' title='bbox 1169 3766 1195 3820; x_wconf 93' lang='lat' dir='ltr'><strong>id</strong></span> <span class='ocrx_word' id='word_1_379' title='bbox 1209 3765 1280 3838; x_wconf 90' lang='lat' dir='ltr'><strong>quod</strong></span> <span class='ocrx_word' id='word_1_380' title='bbox 1294 3766 1398 3820; x_wconf 86' lang='lat' dir='ltr'><strong>Stehrio</strong></span> <span class='ocrx_word' id='word_1_381' title='bbox 1411 3764 1498 3838; x_wconf 88' lang='lat' dir='ltr'><strong>placet</strong></span> <span class='ocrx_word' id='word_1_382' title='bbox 1511 3765 1567 3832; x_wconf 80' lang='lat' dir='ltr'><strong>(ll</strong></span> <span class='ocrx_word' id='word_1_383' title='bbox 1582 3784 1607 3837; x_wconf 91' lang='lat' dir='ltr'><strong>p.</strong></span> <span class='ocrx_word' id='word_1_384' title='bbox 1617 3757 1734 3837; x_wconf 71' lang='lat' dir='ltr'><strong>tium.)</strong></span> <span class='ocrx_word' id='word_1_385' title='bbox 1753 3783 1850 3838; x_wconf 91' lang='lat' dir='ltr'><strong>eosque</strong></span> <span class='ocrx_word' id='word_1_386' title='bbox 1870 3766 1952 3838; x_wconf 82' lang='lat' dir='ltr'><strong>megia</strong></span> <span class='ocrx_word' id='word_1_387' title='bbox 1966 3784 2045 3837; x_wconf 87' lang='lat' dir='ltr'><strong>quam</strong></span> 
     </span>
     <span class='ocr_line' id='line_1_33' title="bbox 462 3855 2045 3930; baseline 0.001 -20"><span class='ocrx_word' id='word_1_388' title='bbox 462 3855 547 3910; x_wconf 89' lang='lat' dir='ltr'><strong>obiter</strong></span> <span class='ocrx_word' id='word_1_389' title='bbox 559 3857 668 3912; x_wconf 82' lang='lat' dir='ltr'><strong>Athenis</strong></span> <span class='ocrx_word' id='word_1_390' title='bbox 685 3859 792 3912; x_wconf 84' lang='lat' dir='ltr'><strong>novisse</strong></span> <span class='ocrx_word' id='word_1_391' title='bbox 810 3877 911 3930; x_wconf 82' lang='lat' dir='ltr'><strong>negem.</strong></span> <span class='ocrx_word' id='word_1_392' title='bbox 948 3860 1015 3912; x_wconf 85' lang='lat' dir='ltr'><strong>Nam</strong></span> <span class='ocrx_word' id='word_1_393' title='bbox 1034 3869 1061 3912; x_wconf 95' lang='lat' dir='ltr'><strong>et</strong></span> <span class='ocrx_word' id='word_1_394' title='bbox 1073 3859 1259 3930; x_wconf 88' lang='lat' dir='ltr'><strong>Peripateticus</strong></span> <span class='ocrx_word' id='word_1_395' title='bbox 1277 3875 1338 3910; x_wconf 89' lang='lat' dir='ltr'><strong>uum</strong></span> <span class='ocrx_word' id='word_1_396' title='bbox 1353 3858 1445 3911; x_wconf 89' lang='lat' dir='ltr'><strong>Cicero</strong></span> <span class='ocrx_word' id='word_1_397' title='bbox 1463 3856 1575 3911; x_wconf 89' lang='lat' dir='ltr'><strong>audierit</strong></span> <span class='ocrx_word' id='word_1_398' title='bbox 1590 3855 1667 3910; x_wconf 89' lang='lat' dir='ltr'><strong>valde</strong></span> <span class='ocrx_word' id='word_1_399' title='bbox 1686 3855 1834 3908; x_wconf 84' lang='lat' dir='ltr'><strong>dubitamus</strong></span> <span class='ocrx_word' id='word_1_400' title='bbox 1855 3866 1881 3908; x_wconf 93' lang='lat' dir='ltr'><strong>et</strong></span> <span class='ocrx_word' id='word_1_401' title='bbox 1898 3857 1922 3909; x_wconf 92' lang='lat' dir='ltr'><strong>si</strong></span> <span class='ocrx_word' id='word_1_402' title='bbox 1941 3856 2045 3911; x_wconf 88' lang='lat' dir='ltr'><strong>audisse</strong></span> 
     </span>
     <span class='ocr_line' id='line_1_34' title="bbox 462 3946 2045 4021; baseline 0.001 -22"><span class='ocrx_word' id='word_1_403' title='bbox 462 3947 563 4012; x_wconf 64' lang='lat' dir='ltr'><strong>murus,</strong></span> <span class='ocrx_word' id='word_1_404' title='bbox 575 3966 621 4000; x_wconf 87' lang='lat' dir='ltr'><strong>aes</strong></span> <span class='ocrx_word' id='word_1_405' title='bbox 633 3967 718 4021; x_wconf 87' lang='lat' dir='ltr'><strong>neque</strong></span> <span class='ocrx_word' id='word_1_406' title='bbox 732 3949 911 4020; x_wconf 88' lang='lat' dir='ltr'><strong>omnianeque</strong></span> <span class='ocrx_word' id='word_1_407' title='bbox 924 3968 990 4020; x_wconf 90' lang='lat' dir='ltr'><strong>qnae</strong></span> <span class='ocrx_word' id='word_1_408' title='bbox 1000 3949 1032 4002; x_wconf 92' lang='lat' dir='ltr'><strong>iis</strong></span> <span class='ocrx_word' id='word_1_409' title='bbox 1045 3950 1106 4002; x_wconf 86' lang='lat' dir='ltr'><strong>trite</strong></span> <span class='ocrx_word' id='word_1_410' title='bbox 1118 3958 1206 4002; x_wconf 90' lang='lat' dir='ltr'><strong>esseut</strong></span> <span class='ocrx_word' id='word_1_411' title='bbox 1215 3947 1363 4001; x_wconf 86' lang='lat' dir='ltr'><strong>Aristotelis</strong></span> <span class='ocrx_word' id='word_1_412' title='bbox 1376 3948 1474 4018; x_wconf 83' lang='lat' dir='ltr'><strong>scripte</strong></span> <span class='ocrx_word' id='word_1_413' title='bbox 1485 3947 1550 4000; x_wconf 88' lang='lat' dir='ltr'><strong>satia</strong></span> <span class='ocrx_word' id='word_1_414' title='bbox 1564 3957 1700 4019; x_wconf 87' lang='lat' dir='ltr'><strong>perspecta</strong></span> <span class='ocrx_word' id='word_1_415' title='bbox 1713 3946 1835 4000; x_wconf 87' lang='lat' dir='ltr'><strong>habuisse</strong></span> <span class='ocrx_word' id='word_1_416' title='bbox 1845 3947 1993 4001; x_wconf 78' lang='lat' dir='ltr'><strong>Athenaeus</strong></span> <span class='ocrx_word' id='word_1_417' title='bbox 2006 3958 2045 4001; x_wconf 92' lang='lat' dir='ltr'><strong>te-</strong></span> 
     </span>
     <span class='ocr_line' id='line_1_35' title="bbox 461 4036 2046 4111; baseline 0.002 -22"><span class='ocrx_word' id='word_1_418' title='bbox 461 4047 543 4092; x_wconf 90' lang='lat' dir='ltr'><strong>atstnr</strong></span> <span class='ocrx_word' id='word_1_419' title='bbox 556 4037 636 4105; x_wconf 84' lang='lat' dir='ltr'><strong>(Xlll,</strong></span> <span class='ocrx_word' id='word_1_420' title='bbox 650 4058 674 4110; x_wconf 91' lang='lat' dir='ltr'><strong>p.</strong></span> <span class='ocrx_word' id='word_1_421' title='bbox 681 4036 757 4108; x_wconf 74' lang='lat'><strong>609).</strong></span> <span class='ocrx_word' id='word_1_422' title='bbox 790 4041 858 4092; x_wconf 88' lang='lat' dir='ltr'><strong>Tum</strong></span> <span class='ocrx_word' id='word_1_423' title='bbox 871 4058 933 4092; x_wconf 88' lang='lat' dir='ltr'><strong>raro</strong></span> <span class='ocrx_word' id='word_1_424' title='bbox 943 4041 1096 4094; x_wconf 87' lang='lat' dir='ltr'><strong>Ciceronem</strong></span> <span class='ocrx_word' id='word_1_425' title='bbox 1110 4058 1186 4111; x_wconf 90' lang='lat' dir='ltr'><strong>quam</strong></span> <span class='ocrx_word' id='word_1_426' title='bbox 1200 4057 1251 4092; x_wconf 92' lang='lat' dir='ltr'><strong>non</strong></span> <span class='ocrx_word' id='word_1_427' title='bbox 1265 4039 1323 4110; x_wconf 85' lang='lat' dir='ltr'><strong>plus</strong></span> <span class='ocrx_word' id='word_1_428' title='bbox 1337 4055 1433 4110; x_wconf 90' lang='lat' dir='ltr'><strong>operae</strong></span> <span class='ocrx_word' id='word_1_429' title='bbox 1446 4039 1472 4090; x_wconf 91' lang='lat' dir='ltr'><strong>in</strong></span> <span class='ocrx_word' id='word_1_430' title='bbox 1485 4037 1678 4109; x_wconf 88' lang='lat' dir='ltr'><strong>philosophiam</strong></span> <span class='ocrx_word' id='word_1_431' title='bbox 1692 4037 1835 4090; x_wconf 84' lang='lat' dir='ltr'><strong>contulisse</strong></span> <span class='ocrx_word' id='word_1_432' title='bbox 1848 4039 1953 4103; x_wconf 84' lang='lat' dir='ltr'><strong>scimus,</strong></span> <span class='ocrx_word' id='word_1_433' title='bbox 1968 4056 2046 4110; x_wconf 88' lang='lat' dir='ltr'><strong>quam</strong></span> 
     </span>
     <span class='ocr_line' id='line_1_36' title="bbox 462 4125 2045 4206; baseline 0.003 -28"><span class='ocrx_word' id='word_1_434' title='bbox 462 4125 549 4178; x_wconf 83' lang='lat' dir='ltr'><strong>futuro</strong></span> <span class='ocrx_word' id='word_1_435' title='bbox 564 4129 658 4180; x_wconf 83' lang='lat' dir='ltr'><strong>oratori</strong></span> <span class='ocrx_word' id='word_1_436' title='bbox 672 4147 738 4206; x_wconf 78' lang='lat' dir='ltr'><strong>opus</strong></span> <span class='ocrx_word' id='word_1_437' title='bbox 752 4141 830 4194; x_wconf 87' lang='lat' dir='ltr'><strong>esset,</strong></span> <span class='ocrx_word' id='word_1_438' title='bbox 849 4130 999 4202; x_wconf 85' lang='lat' dir='ltr'><strong>priusquam</strong></span> <span class='ocrx_word' id='word_1_439' title='bbox 1013 4150 1128 4184; x_wconf 89' lang='lat' dir='ltr'><strong>summus</strong></span> <span class='ocrx_word' id='word_1_440' title='bbox 1142 4131 1168 4184; x_wconf 91' lang='lat' dir='ltr'><strong>in</strong></span> <span class='ocrx_word' id='word_1_441' title='bbox 1183 4129 1314 4201; x_wconf 85' lang='lat' dir='ltr'><strong>republica</strong></span> <span class='ocrx_word' id='word_1_442' title='bbox 1328 4130 1440 4183; x_wconf 88' lang='lat' dir='ltr'><strong>honores</strong></span> <span class='ocrx_word' id='word_1_443' title='bbox 1454 4138 1609 4182; x_wconf 73' lang='lat' dir='ltr'><strong>contemtus</strong></span> <span class='ocrx_word' id='word_1_444' title='bbox 1623 4138 1702 4192; x_wconf 83' lang='lat' dir='ltr'><strong>esset,</strong></span> <span class='ocrx_word' id='word_1_445' title='bbox 1721 4128 1868 4200; x_wconf 80' lang='lat' dir='ltr'><strong>Stagyritee</strong></span> <span class='ocrx_word' id='word_1_446' title='bbox 1881 4127 1954 4182; x_wconf 90' lang='lat' dir='ltr'><strong>libris</strong></span> <span class='ocrx_word' id='word_1_447' title='bbox 1967 4148 2045 4183; x_wconf 87' lang='lat' dir='ltr'><strong>vaca-</strong></span> 
     </span>
     <span class='ocr_line' id='line_1_37' title="bbox 461 4203 2048 4293; baseline 0.005 -26"><span class='ocrx_word' id='word_1_448' title='bbox 461 4215 535 4267; x_wconf 87' lang='lat' dir='ltr'><strong>visse</strong></span> <span class='ocrx_word' id='word_1_449' title='bbox 548 4213 593 4265; x_wconf 82' lang='lat' dir='ltr'><strong>vix</strong></span> <span class='ocrx_word' id='word_1_450' title='bbox 606 4217 675 4270; x_wconf 86' lang='lat' dir='ltr'><strong>cradi</strong></span> <span class='ocrx_word' id='word_1_451' title='bbox 690 4203 784 4288; x_wconf 77' lang='lat' dir='ltr'><strong>potest.</strong></span> <span class='ocrx_word' id='word_1_452' title='bbox 815 4221 936 4292; x_wconf 89' lang='lat' dir='ltr'><strong>Denique</strong></span> <span class='ocrx_word' id='word_1_453' title='bbox 949 4221 1040 4291; x_wconf 85' lang='lat' dir='ltr'><strong>paucis</strong></span> <span class='ocrx_word' id='word_1_454' title='bbox 1054 4221 1128 4274; x_wconf 89' lang='lat' dir='ltr'><strong>annia</strong></span> <span class='ocrx_word' id='word_1_455' title='bbox 1141 4231 1279 4293; x_wconf 87' lang='lat' dir='ltr'><strong>postquem</strong></span> <span class='ocrx_word' id='word_1_456' title='bbox 1294 4220 1429 4292; x_wconf 86' lang='lat' dir='ltr'><strong>Tyrannio</strong></span> <span class='ocrx_word' id='word_1_457' title='bbox 1442 4219 1469 4272; x_wconf 93' lang='lat' dir='ltr'><strong>in</strong></span> <span class='ocrx_word' id='word_1_458' title='bbox 1483 4218 1561 4272; x_wconf 90' lang='lat' dir='ltr'><strong>domo</strong></span> <span class='ocrx_word' id='word_1_459' title='bbox 1575 4222 1630 4292; x_wconf 84' lang='lat' dir='ltr'><strong>ejus</strong></span> <span class='ocrx_word' id='word_1_460' title='bbox 1644 4218 1828 4272; x_wconf 87' lang='lat' dir='ltr'><strong>bibliothecam</strong></span> <span class='ocrx_word' id='word_1_461' title='bbox 1842 4229 1869 4271; x_wconf 92' lang='lat' dir='ltr'><strong>et</strong></span> <span class='ocrx_word' id='word_1_462' title='bbox 1881 4219 2048 4291; x_wconf 85' lang='lat' dir='ltr'><strong>disposuerat</strong></span> 
     </span>
     <span class='ocr_line' id='line_1_38' title="bbox 463 4302 2046 4384; baseline 0.004 -26"><span class='ocrx_word' id='word_1_463' title='bbox 463 4315 490 4358; x_wconf 89' lang='lat' dir='ltr'><strong>st</strong></span> <span class='ocrx_word' id='word_1_464' title='bbox 501 4302 677 4374; x_wconf 85' lang='lat' dir='ltr'><strong>suppleverat,</strong></span> <span class='ocrx_word' id='word_1_465' title='bbox 696 4325 765 4362; x_wconf 88' lang='lat' dir='ltr'><strong>anuo</strong></span> <span class='ocrx_word' id='word_1_466' title='bbox 779 4308 839 4362; x_wconf 89' lang='lat' dir='ltr'><strong>dico</strong></span> <span class='ocrx_word' id='word_1_467' title='bbox 853 4311 1066 4383; x_wconf 80' lang='lat' dir='ltr'><strong>quiuquagesimo</strong></span> <span class='ocrx_word' id='word_1_468' title='bbox 1080 4311 1162 4384; x_wconf 88' lang='lat' dir='ltr'><strong>primo</strong></span> <span class='ocrx_word' id='word_1_469' title='bbox 1176 4329 1199 4366; x_wconf 89' lang='lat' dir='ltr'><strong>a.</strong></span> <span class='ocrx_word' id='word_1_470' title='bbox 1210 4310 1269 4366; x_wconf 89' lang='lat' dir='ltr'><strong>Chr.</strong></span> <span class='ocrx_word' id='word_1_471' title='bbox 1308 4311 1402 4364; x_wconf 90' lang='lat' dir='ltr'><strong>Cicero</strong></span> <span class='ocrx_word' id='word_1_472' title='bbox 1416 4311 1448 4362; x_wconf 81' lang='lat' dir='ltr'><strong>sla</strong></span> <span class='ocrx_word' id='word_1_473' title='bbox 1463 4309 1557 4363; x_wconf 89' lang='lat' dir='ltr'><strong>linibus</strong></span> <span class='ocrx_word' id='word_1_474' title='bbox 1571 4310 1697 4362; x_wconf 91' lang='lat' dir='ltr'><strong>bonorum</strong></span> <span class='ocrx_word' id='word_1_475' title='bbox 1715 4318 1741 4362; x_wconf 89' lang='lat' dir='ltr'><strong>ct</strong></span> <span class='ocrx_word' id='word_1_476' title='bbox 1754 4309 1880 4362; x_wconf 86' lang='lat' dir='ltr'><strong>malorum</strong></span> <span class='ocrx_word' id='word_1_477' title='bbox 1893 4309 1973 4364; x_wconf 90' lang='lat' dir='ltr'><strong>libros</strong></span> <span class='ocrx_word' id='word_1_478' title='bbox 1986 4311 2046 4365; x_wconf 91' lang='lat' dir='ltr'><strong>illos</strong></span> 
     </span>
     <span class='ocr_line' id='line_1_39' title="bbox 463 4398 2046 4474; baseline 0 -20"><span class='ocrx_word' id='word_1_479' title='bbox 463 4400 623 4454; x_wconf 88' lang='lat' dir='ltr'><strong>Aristoteliis</strong></span> <span class='ocrx_word' id='word_1_480' title='bbox 637 4398 740 4474; x_wconf 86' lang='lat' dir='ltr'><strong>placitis</strong></span> <span class='ocrx_word' id='word_1_481' title='bbox 754 4401 861 4453; x_wconf 80' lang='lat' dir='ltr'><strong>refertos</strong></span> <span class='ocrx_word' id='word_1_482' title='bbox 875 4402 986 4456; x_wconf 86' lang='lat' dir='ltr'><strong>condere</strong></span> <span class='ocrx_word' id='word_1_483' title='bbox 1000 4402 1050 4454; x_wconf 90' lang='lat' dir='ltr'><strong>sibi</strong></span> <span class='ocrx_word' id='word_1_484' title='bbox 1064 4403 1199 4473; x_wconf 87' lang='lat' dir='ltr'><strong>proposuit</strong></span> <span class='ocrx_word' id='word_1_485' title='bbox 1211 4403 1256 4468; x_wconf 91' lang='lat' dir='ltr'><strong>(de</strong></span> <span class='ocrx_word' id='word_1_486' title='bbox 1271 4402 1318 4474; x_wconf 83' lang='lat' dir='ltr'><strong>leg.</strong></span> <span class='ocrx_word' id='word_1_487' title='bbox 1333 4403 1352 4466; x_wconf 88' lang='lat' dir='ltr'><strong>l,</strong></span> <span class='ocrx_word' id='word_1_488' title='bbox 1366 4403 1423 4470; x_wconf 81' lang='lat'><strong>20),</strong></span> <span class='ocrx_word' id='word_1_489' title='bbox 1443 4419 1495 4473; x_wconf 91' lang='lat' dir='ltr'><strong>quo</strong></span> <span class='ocrx_word' id='word_1_490' title='bbox 1513 4411 1630 4472; x_wconf 86' lang='lat' dir='ltr'><strong>tempore</strong></span> <span class='ocrx_word' id='word_1_491' title='bbox 1642 4417 1721 4471; x_wconf 89' lang='lat' dir='ltr'><strong>quum</strong></span> <span class='ocrx_word' id='word_1_492' title='bbox 1739 4400 1919 4452; x_wconf 82' lang='lat' dir='ltr'><strong>auctoritatem</strong></span> <span class='ocrx_word' id='word_1_493' title='bbox 1932 4419 2006 4454; x_wconf 89' lang='lat' dir='ltr'><strong>suern</strong></span> <span class='ocrx_word' id='word_1_494' title='bbox 2019 4401 2046 4454; x_wconf 93' lang='lat' dir='ltr'><strong>in</strong></span> 
     </span>
     <span class='ocr_line' id='line_1_40' title="bbox 464 4490 2047 4564; baseline 0.001 -20"><span class='ocrx_word' id='word_1_495' title='bbox 464 4490 520 4544; x_wconf 89' lang='lat' dir='ltr'><strong>dias</strong></span> <span class='ocrx_word' id='word_1_496' title='bbox 533 4491 650 4546; x_wconf 89' lang='lat' dir='ltr'><strong>imminui</strong></span> <span class='ocrx_word' id='word_1_497' title='bbox 663 4493 773 4554; x_wconf 87' lang='lat' dir='ltr'><strong>videret,</strong></span> <span class='ocrx_word' id='word_1_498' title='bbox 791 4501 820 4543; x_wconf 91' lang='lat' dir='ltr'><strong>ut</strong></span> <span class='ocrx_word' id='word_1_499' title='bbox 833 4509 919 4544; x_wconf 92' lang='lat' dir='ltr'><strong>curam</strong></span> <span class='ocrx_word' id='word_1_500' title='bbox 933 4493 1063 4563; x_wconf 87' lang='lat' dir='ltr'><strong>animique</strong></span> <span class='ocrx_word' id='word_1_501' title='bbox 1078 4511 1199 4564; x_wconf 82' lang='lat' dir='ltr'><strong>angorem</strong></span> <span class='ocrx_word' id='word_1_502' title='bbox 1218 4493 1324 4556; x_wconf 85' lang='lat' dir='ltr'><strong>levaret,</strong></span> <span class='ocrx_word' id='word_1_503' title='bbox 1344 4491 1370 4544; x_wconf 93' lang='lat' dir='ltr'><strong>in</strong></span> <span class='ocrx_word' id='word_1_504' title='bbox 1389 4492 1483 4544; x_wconf 90' lang='lat' dir='ltr'><strong>studiis</strong></span> <span class='ocrx_word' id='word_1_505' title='bbox 1505 4490 1688 4563; x_wconf 83' lang='lat' dir='ltr'><strong>philosophiae</strong></span> <span class='ocrx_word' id='word_1_506' title='bbox 1707 4490 1865 4562; x_wconf 82' lang='lat' dir='ltr'><strong>conquievit</strong></span> <span class='ocrx_word' id='word_1_507' title='bbox 1897 4491 2047 4546; x_wconf 88' lang='lat' dir='ltr'><strong>Aristotelis</strong></span> 
     </span>
     <span class='ocr_line' id='line_1_41' title="bbox 463 4573 2044 4655; baseline 0 -22"><span class='ocrx_word' id='word_1_508' title='bbox 463 4597 527 4634; x_wconf 86' lang='lat' dir='ltr'><strong>reso</strong></span> <span class='ocrx_word' id='word_1_509' title='bbox 541 4581 621 4634; x_wconf 85' lang='lat' dir='ltr'><strong>libros</strong></span> <span class='ocrx_word' id='word_1_510' title='bbox 635 4603 650 4637; x_wconf 89' lang='lat' dir='ltr'><strong>e</strong></span> <span class='ocrx_word' id='word_1_511' title='bbox 664 4581 832 4655; x_wconf 84' lang='lat' dir='ltr'><strong>Tyrannione</strong></span> <span class='ocrx_word' id='word_1_512' title='bbox 846 4593 968 4653; x_wconf 90' lang='lat' dir='ltr'><strong>acceptes</strong></span> <span class='ocrx_word' id='word_1_513' title='bbox 983 4583 1157 4636; x_wconf 88' lang='lat' dir='ltr'><strong>Andronicum</strong></span> <span class='ocrx_word' id='word_1_514' title='bbox 1171 4582 1304 4636; x_wconf 82' lang='lat' dir='ltr'><strong>Rhodium</strong></span> <span class='ocrx_word' id='word_1_515' title='bbox 1322 4582 1472 4655; x_wconf 77' lang='lat' dir='ltr'><strong>divulgasse</strong></span> <span class='ocrx_word' id='word_1_516' title='bbox 1485 4601 1519 4636; x_wconf 82' lang='lat' dir='ltr'><strong>ex</strong></span> <span class='ocrx_word' id='word_1_517' title='bbox 1531 4581 1662 4635; x_wconf 89' lang='lat' dir='ltr'><strong>Plutarchi</strong></span> <span class='ocrx_word' id='word_1_518' title='bbox 1680 4580 1766 4636; x_wconf 91' lang='lat' dir='ltr'><strong>verbis</strong></span> <span class='ocrx_word' id='word_1_519' title='bbox 1783 4575 1842 4650; x_wconf 69' lang='grc' dir='ltr'><strong>παρ’</strong></span> <span class='ocrx_word' id='word_1_520' title='bbox 1853 4573 1927 4634; x_wconf 73' lang='lat' dir='ltr'><strong>crissi</strong></span> <span class='ocrx_word' id='word_1_521' title='bbox 1944 4575 1986 4636; x_wconf 78' lang='lat' dir='ltr'><strong>&#39;A-</strong></span> <span class='ocrx_word' id='word_1_522' title='bbox 2004 4574 2044 4634; x_wconf 74' lang='lat'><strong>⁸1³.</strong></span> 
     </span>
     <span class='ocr_line' id='line_1_42' title="bbox 464 4659 2028 4745; baseline 0.005 -25"><span class='ocrx_word' id='word_1_523' title='bbox 464 4659 633 4741; x_wconf 66' lang='lat' dir='ltr'><strong>sisapiosvra</strong></span> <span class='ocrx_word' id='word_1_524' title='bbox 649 4674 696 4726; x_wconf 72' lang='grc' dir='ltr'><strong>τῦν</strong></span> <span class='ocrx_word' id='word_1_525' title='bbox 715 4665 869 4740; x_wconf 66' lang='grc' dir='ltr'><strong>ἆντιγρᾶφωι</strong></span> <span class='ocrx_word' id='word_1_526' title='bbox 888 4671 923 4732; x_wconf 77' lang='lat' dir='ltr'><strong>alr</strong></span> <span class='ocrx_word' id='word_1_527' title='bbox 941 4672 1018 4744; x_wconf 81' lang='lat' dir='ltr'><strong>pisas</strong></span> <span class='ocrx_word' id='word_1_528' title='bbox 1036 4675 1122 4726; x_wconf 72' lang='grc' dir='ltr'><strong>θιῒναι</strong></span> <span class='ocrx_word' id='word_1_529' title='bbox 1135 4675 1311 4745; x_wconf 86' lang='lat' dir='ltr'><strong>consequitur.</strong></span> <span class='ocrx_word' id='word_1_530' title='bbox 1342 4674 1440 4726; x_wconf 87' lang='lat' dir='ltr'><strong>Nescio</strong></span> <span class='ocrx_word' id='word_1_531' title='bbox 1453 4691 1485 4726; x_wconf 87' lang='lat' dir='ltr'><strong>eu</strong></span> <span class='ocrx_word' id='word_1_532' title='bbox 1499 4672 1530 4726; x_wconf 90' lang='lat' dir='ltr'><strong>ab</strong></span> <span class='ocrx_word' id='word_1_533' title='bbox 1545 4672 1595 4730; x_wconf 90' lang='lat' dir='ltr'><strong>buc</strong></span> <span class='ocrx_word' id='word_1_534' title='bbox 1607 4671 1704 4725; x_wconf 85' lang='lat' dir='ltr'><strong>librarii</strong></span> <span class='ocrx_word' id='word_1_535' title='bbox 1717 4671 1766 4725; x_wconf 88' lang='lat' dir='ltr'><strong>hos</strong></span> <span class='ocrx_word' id='word_1_536' title='bbox 1779 4672 1859 4725; x_wconf 90' lang='lat' dir='ltr'><strong>libros</strong></span> <span class='ocrx_word' id='word_1_537' title='bbox 1873 4673 2028 4744; x_wconf 82' lang='lat' dir='ltr'><strong>acceperint.</strong></span> 
     </span>
    </p>
   </div>
   <div class='ocr_carea' id='block_1_5' title="bbox 466 4765 2048 4936">
    <p class='ocr_par' dir='ltr' id='par_1_7' title="bbox 466 4765 2048 4936">
     <span class='ocr_line' id='line_1_43' title="bbox 519 4765 2047 4842; baseline 0.004 -23"><span class='ocrx_word' id='word_1_538' title='bbox 519 4765 561 4836; x_wconf 79' lang='lat'><strong>(⁴)</strong></span> <span class='ocrx_word' id='word_1_539' title='bbox 580 4769 609 4822; x_wconf 83' lang='lat' dir='ltr'><strong>V.</strong></span> <span class='ocrx_word' id='word_1_540' title='bbox 623 4772 695 4823; x_wconf 85' lang='lat' dir='ltr'><strong>llust.</strong></span> <span class='ocrx_word' id='word_1_541' title='bbox 710 4768 781 4821; x_wconf 83' lang='lat' dir='ltr'><strong>at.t</strong></span> <span class='ocrx_word' id='word_1_542' title='bbox 819 4767 1171 4824; x_wconf 77' lang='lat' dir='ltr'><strong>liubmanndahn’slehrh.</strong></span> <span class='ocrx_word' id='word_1_543' title='bbox 1186 4772 1202 4824; x_wconf 85' lang='lat' dir='ltr'><strong>i.</strong></span> <span class='ocrx_word' id='word_1_544' title='bbox 1217 4771 1395 4842; x_wconf 69' lang='lat' dir='ltr'><strong>Plitptts.</strong></span> <span class='ocrx_word' id='word_1_545' title='bbox 1431 4773 1469 4824; x_wconf 89' lang='lat' dir='ltr'><strong>lm</strong></span> <span class='ocrx_word' id='word_1_546' title='bbox 1488 4769 1667 4842; x_wconf 81' lang='lat' dir='ltr'><strong>Vorbeigehen</strong></span> <span class='ocrx_word' id='word_1_547' title='bbox 1686 4770 1742 4824; x_wconf 91' lang='lat' dir='ltr'><strong>will</strong></span> <span class='ocrx_word' id='word_1_548' title='bbox 1760 4769 1802 4823; x_wconf 89' lang='lat' dir='ltr'><strong>ich</strong></span> <span class='ocrx_word' id='word_1_549' title='bbox 1821 4769 1970 4836; x_wconf 85' lang='lat' dir='ltr'><strong>hemerlrsn,</strong></span> <span class='ocrx_word' id='word_1_550' title='bbox 1990 4770 2047 4825; x_wconf 86' lang='lat' dir='ltr'><strong>duis</strong></span> 
     </span>
     <span class='ocr_line' id='line_1_44' title="bbox 466 4856 2048 4936; baseline 0.004 -26"><span class='ocrx_word' id='word_1_551' title='bbox 466 4856 511 4912; x_wconf 88' lang='lat' dir='ltr'><strong>der</strong></span> <span class='ocrx_word' id='word_1_552' title='bbox 523 4870 650 4931; x_wconf 83' lang='lat' dir='ltr'><strong>genannts</strong></span> <span class='ocrx_word' id='word_1_553' title='bbox 664 4858 799 4933; x_wconf 86' lang='lat' dir='ltr'><strong>Tyrannio</strong></span> <span class='ocrx_word' id='word_1_554' title='bbox 813 4857 850 4929; x_wconf 84' lang='lat'><strong>(†</strong></span> <span class='ocrx_word' id='word_1_555' title='bbox 862 4859 910 4928; x_wconf 75' lang='lat' dir='ltr'><strong>de)</strong></span> <span class='ocrx_word' id='word_1_556' title='bbox 923 4859 1002 4927; x_wconf 90' lang='lat' dir='ltr'><strong>nicht,</strong></span> <span class='ocrx_word' id='word_1_557' title='bbox 1021 4861 1072 4915; x_wconf 85' lang='lat' dir='ltr'><strong>wis</strong></span> <span class='ocrx_word' id='word_1_558' title='bbox 1091 4880 1122 4915; x_wconf 93' lang='lat' dir='ltr'><strong>so</strong></span> <span class='ocrx_word' id='word_1_559' title='bbox 1136 4860 1222 4934; x_wconf 79' lang='lat' dir='ltr'><strong>hiuhg</strong></span> <span class='ocrx_word' id='word_1_560' title='bbox 1240 4859 1386 4934; x_wconf 85' lang='lat' dir='ltr'><strong>geschehsu</strong></span> <span class='ocrx_word' id='word_1_561' title='bbox 1403 4861 1446 4928; x_wconf 83' lang='lat' dir='ltr'><strong>ist,</strong></span> <span class='ocrx_word' id='word_1_562' title='bbox 1464 4862 1513 4916; x_wconf 88' lang='lat' dir='ltr'><strong>mit</strong></span> <span class='ocrx_word' id='word_1_563' title='bbox 1528 4860 1628 4914; x_wconf 90' lang='lat' dir='ltr'><strong>seinsm</strong></span> <span class='ocrx_word' id='word_1_564' title='bbox 1640 4860 1750 4916; x_wconf 86' lang='lat' dir='ltr'><strong>Schiiler</strong></span> <span class='ocrx_word' id='word_1_565' title='bbox 1762 4862 1897 4934; x_wconf 85' lang='lat' dir='ltr'><strong>Tyrannio</strong></span> <span class='ocrx_word' id='word_1_566' title='bbox 1916 4862 1976 4916; x_wconf 87' lang='lat' dir='ltr'><strong>dem</strong></span> <span class='ocrx_word' id='word_1_567' title='bbox 1988 4865 2048 4936; x_wconf 84' lang='lat' dir='ltr'><strong>jiiu-</strong></span> 
     </span>
    </p>
   </div>
   <div class='ocr_carea' id='block_1_6' title="bbox 0 0 2441 5908">
    <p class='ocr_par' dir='ltr' id='par_1_8' title="bbox 0 0 2441 5908">
     <span class='ocr_line' id='line_1_45' title="bbox 0 0 2441 5908; baseline 0 0"><span class='ocrx_word' id='word_1_568' title='bbox 0 0 2441 5908; x_wconf 95' lang='lat' dir='ltr'><strong> </strong></span> 
     </span>
    </p>
   </div>
  </div>
 </body>
</html>
