4846 5908
1261 361 1285 434 8

1157 475 1393 502 mmm

480 620 590 707 plexus
619 639 735 698 essem,
766 620 825 683 nisi
855 617 1002 696 Servius,
1037 619 1141 702 quarti
1170 615 1223 681 vel
1253 619 1356 702 quinti
1384 615 1503 682 saeculi
1534 619 1765 704 grammaticos,
1802 621 1858 706 qni
1887 617 2001 684 librum
2025 619 2067 686 de

479 729 663 796 accentibus
686 730 830 815 reliquit,
852 727 1042 807 tradidisset,
1066 729 1304 814 Tyrannionem
1329 731 1510 794 Amiseuum
1534 741 1687 814 quattuor
1709 732 1874 815 scripsisse
1898 752 1968 796 esse
1991 753 2068 818 prn-

478 843 593 921 sodias,
616 842 750 924 βαρεῖαν,
772 842 873 920 μίσην,
898 839 992 927 ὀξεῖαν
1009 850 1040 904 et
1062 840 1274 926 σιριστωμίνην
1290 839 1351 925 (¹).
1390 840 1503 925 itaque
1518 862 1583 904 uon
1599 839 1833 906 inconsiderate
1852 841 1956 906 iacere
1972 841 2067 908 nobis

477 953 637 1032 ridemur,
666 955 693 1016 si
716 951 794 1016 iilud
818 954 970 1036 scriptum
998 946 1060 1035 ττρδ
1079 953 1130 1026 τοῖς
1147 950 1311 1037 Ὁμηρικῆς
1329 949 1501 1038 προσῳδίας
1524 952 1722 1038 Tyrannioni
1745 955 1896 1018 Amiseuo
1923 952 2068 1018 attribui-

478 1087 559 1130 mus.
596 1065 631 1130 st
654 1085 732 1128 vero
756 1066 963 1148 reputaveris,
987 1084 1080 1147 quam
1105 1073 1193 1127 arcto
1209 1061 1340 1128 vinculo
1364 1059 1449 1148 apud
1465 1073 1588 1127 veteres
1609 1068 1827 1149 grammaticos
1843 1085 1953 1128 omnes
1968 1084 2067 1150 quae-

478 1187 597 1242 stiones
620 1177 837 1260 grammaticae
860 1185 891 1238 at
914 1177 994 1238 inter
1017 1195 1052 1238 se
1075 1183 1107 1238 et
1130 1195 1201 1238 cnm
1225 1175 1367 1239 Homero
1391 1176 1582 1260 conjunctae
1604 1177 1675 1254 sint,
1702 1174 1901 1263 δρθογραφίαν
1925 1195 2066 1260 qnoque,

476 1283 620 1374 ’διίρθωσιν
636 1282 800 1369 Ὀμηρικιίν
815 1283 880 1370 (²),
901 1284 946 1352 ῦτι
967 1284 1166 1372 διαφωνοῦσιν
1191 1283 1219 1352 ai
1239 1284 1363 1372 νεώτεροι
1385 1282 1504 1360 ποιηταί
1525 1283 1595 1370 σρδς
1610 1283 1751 1372 Ὀμηρον
1780 1289 1856 1373 quin
1885 1289 1914 1351 ei
1942 1307 2066 1351 mecum

478 1397 535 1464 des
557 1419 624 1463 non
647 1396 816 1462 dubitabis.
856 1396 965 1481 Quum
989 1417 1067 1462 varo
1092 1418 1130 1461 ex
1153 1397 1200 1460 bis
1224 1401 1349 1482 seriptis
1366 1418 1449 1483 quae
1472 1395 1624 1464 babemus
1648 1399 1819 1484 fragmenta
1834 1400 1940 1462 omnia
1963 1407 2066 1462 sumta

477 1510 653 1588 rideantur,
676 1512 828 1593 seqnitur,
851 1517 886 1571 ut
908 1509 1073 1594 Tyrannio
1099 1529 1194 1593 quem
1216 1520 1339 1574 veteres
1363 1513 1552 1595 grammatici
1575 1509 1706 1574 laudant
1728 1513 1768 1574 sit
1791 1511 1968 1576 Amiseuns.
2012 1508 2065 1574 De

478 1621 608 1688 duobus
630 1623 764 1705 scriptis,
788 1641 872 1704 quae
888 1631 1013 1705 praeter
1030 1616 1165 1709 ἐξήγησιν
1185 1631 1358 1706 supersunt
1381 1631 1412 1684 et
1434 1615 1497 1706 arpi
1520 1619 1751 1704 τῆςῬωμαίίςῆς
1773 1618 1933 1688 διαλίκτιυ
1956 1631 1987 1685 et
2003 1613 2067 1705 arpi

477 1733 530 1801 τοῦ
550 1731 676 1799 σκολιοῦ
698 1729 808 1814 μίτρου
824 1728 876 1814 (³)
906 1751 980 1794 unm
1003 1729 1045 1794 ab
1069 1732 1277 1817 Tyrannione
1299 1733 1421 1818 majore
1445 1753 1486 1796 an
1508 1734 1631 1796 minore
1653 1735 1771 1818 scripta
1793 1735 1871 1811 sint,
1895 1729 1983 1816 qnod
2006 1729 2066 1794 bo·

478 1867 547 1910 rurn
571 1865 705 1930 operum
728 1840 803 1907 nibil
827 1853 952 1928 praeter
968 1862 1085 1907 nomen
1108 1853 1216 1922 exstat,
1239 1841 1416 1929 dijudicare
1439 1863 1503 1907 nou
1527 1842 1610 1908 licet.
1649 1843 1860 1930 Quamquam,
1883 1846 1910 1907 si
1933 1840 2064 1907 Suidam

478 1955 593 2022 dixisse
619 1965 735 2039 reputo
766 1955 1022 2018 commentarium
1050 1948 1113 2038 τερδ
1142 1955 1198 2020 τοῦ
1225 1957 1351 2021 σκολιοῦ
1374 1952 1483 2041 μίτρου
1504 1955 1743 2041 Tyrannionem
1773 1977 1792 2019 a
1816 1953 1899 2042 Cajo
1923 1952 2064 2020 Caesare

477 2069 583 2133 iacere
605 2069 727 2153 jussum
751 2087 830 2144 esse,
853 2067 962 2129 nescio
985 2086 1026 2129 an
1048 2063 1090 2130 de
1112 2065 1171 2130 bac
1194 2086 1327 2151 quoque
1349 2086 1385 2130 re
1408 2087 1426 2130 a
1449 2067 1570 2152 majore
1592 2069 1632 2130 sit
1647 2069 1807 2153 scriptum,
1831 2069 1887 2152 qui
1903 2066 1962 2130 init
1978 2063 2061 2152 Cajo

478 2178 610 2246 Caesari
633 2176 784 2262 aequalis.
819 2174 917 2240 Liber
938 2198 1016 2241 vero
1040 2174 1102 2264 τορδ
1122 2178 1173 2250 τῆς
1190 2175 1361 2260 Ῥωμαῖκῆς
1381 2174 1541 2243 διαλέκτου
1558 2199 1622 2262 qna
1645 2189 1748 2242 aetate
1763 2189 1794 2242 et
1810 2200 1828 2242 a
1844 2199 1910 2263 quo
1927 2179 2063 2263 scriptus

478 2295 518 2356 sit
541 2311 581 2356 ne
604 2287 752 2373 Oedipus
775 2285 904 2372 quidem
927 2287 1072 2374 explicet.
1117 2287 1229 2374 ltaque
1258 2287 1467 2375 Bernhardyo
1493 2287 1641 2374 aliisque,
1668 2292 1695 2354 si
1719 2290 1917 2377 Tyrannioni
1948 2289 2063 2353 minori

476 2401 571 2466 datur
593 2421 659 2466 nnn
681 2420 826 2486 repugno
843 2396 904 2481 (⁴).

631 2511 725 2596 Quae
749 2532 846 2595 quum
870 2513 912 2574 ita
935 2513 997 2575 sint
1026 2513 1086 2575 nisi
1108 2531 1291 2576 vereremur
1313 2533 1354 2577 ne
1381 2509 1583 2577 artificiosius
1610 2509 1790 2576 videremur
1812 2532 1906 2597 qnam
1936 2512 2063 2578 criticae

478 2627 537 2690 arti
560 2626 799 2688 convenientius
823 2643 924 2708 agere,
948 2620 1029 2686 duas
1052 2622 1122 2687 illas
1138 2621 1258 2688 Suidae
1280 2627 1461 2689 notationes
1485 2623 1607 2710 aliquot
1621 2621 1767 2688 versibus
1790 2625 1915 2688 mutatis
1934 2621 2063 2710 alioque

477 2737 551 2802 ioco
575 2739 699 2801 insertis
722 2737 769 2800 sic
791 2737 1068 2820 pronuntiaremus
1090 2733 1274 2799 scribendas
1298 2756 1381 2800 esse:

573 2883 578 2894 ·
630 2842 800 2934 Τυραννίων,
823 2843 1030 2932 Ἐιιιιιρατίδιυ
1052 2883 1093 2896 -
1120 2839 1286 2933 μυριοίδας·
1313 2841 1433 2932 ἔγραψι
1456 2840 1518 2932 περὶ
1543 2842 1593 2920 τῆς
1609 2846 1773 2930 Ὁμηρικῆς
1796 2841 1975 2933 προσῳδίας
1999 2839 2063 2934 rapi

476 2962 531 3030 σῦν
549 2959 646 3047 μνρῦν
666 2959 719 3024 τοῦ
739 2952 845 3044 adyto,
866 2955 893 3022 ii
913 2951 936 3046 ᾧ
956 2955 1039 3043 λίγιι
1062 2948 1168 3038 οἶτομα
1186 2955 1242 3043 μδν
1261 2954 1331 3024 εἶναι
1352 2956 1393 3024 ταὶ
1411 2954 1499 3040 κοίρια
1519 2953 1667 3038 δνίματα,
1689 2951 1838 3039 depactissi
1859 2953 1891 3023 δδ
1910 2950 1950 3023 ari
1975 2982 2063 3045 προς·

476 3067 609 3161 ηγορικοί,
631 3069 773 3156 αἰθίματα
798 3065 830 3135 δὲ
849 3067 890 3134 rei
911 3067 1083 3155 perrexisti·
1107 3069 1150 3138 ’ίτι
1179 3067 1378 3157 διαφωνοῦσιν
1400 3066 1426 3136 ai
1446 3063 1569 3154 νιιίτοροι
1591 3063 1707 3142 τοιηταδ
1733 3065 1802 3153 spir
1812 3066 1965 3155 Ὅμηρον·
1987 3063 2063 3156 διίρ-

477 3185 560 3254 θωσιν
579 3179 756 3271 Ὁμηρικὴν·
784 3177 992 3269 ν’ρθογραφίαν.
1023 3175 1193 3256 τ’τιλιιίτησε
1219 3179 1251 3248 δὲ
1269 3177 1389 3269 γηραιδς
1415 3177 1475 3247 ὑτδ
1499 3178 1656 3267 σοδιίγρας
1682 3175 1865 3266 ταραλυθιδς
1890 3177 2062 3267 inoperati

474 3295 550 3387 ρπη’,
571 3296 598 3364 ἕν
616 3294 659 3383 τῷ
678 3291 710 3381 γ’
728 3290 783 3360 teu
802 3294 852 3366 'ebt
873 3287 1071 3377 ὀλυμπιάδος.

629 3405 791 3492 Τυραννίων
819 3399 982 3490 tradatur
1010 3440 1052 3456 -·
1080 3399 1132 3471 arai
1151 3401 1272 3490 ἔγραψε
1296 3401 1409 3483 βιβλία
1439 3399 1529 3486 (datad
1548 3399 1618 3488 τρδς
1635 3406 1695 3473 τοῖς
1711 3397 1775 3492 ξ’ῗ)
1801 3398 1838 3470 ὧν
1867 3397 1919 3471 καί
1946 3403 2061 3472 ταῦτα·

475 3515 538 3607 trapi
557 3519 784 3598 τῦςῬωμαῦιῆς
803 3513 972 3593 διαλίκτιυ,
993 3513 1037 3583 ’ίτι
1058 3512 1132 3583 ἔστιν
1155 3515 1189 3583 bt
1213 3517 1262 3591 τοῖς
1278 3512 1455 3592 Ἑλληνικῆς
1474 3514 1528 3582 τοῦ
1542 3511 1806 3604 Ἀντιγίνιυς(ί)νὶ
1829 3512 1974 3603 Ρωμαικιί
1994 3515 2061 3586 διαί-

474 3649 593 3705 λςκτος·
617 3625 751 3720 ι’ξνίγησιν
770 3629 823 3695 τοῦ
843 3622 1036 3715 Τυραννίωνος
1054 3627 1213 3716 μερισμοῦ.

475 3871 709 3943 Untersnobnngan
722 3869 769 3922 dea
781 3867 936 3942 Tyrannion
954 3867 1018 3922 iiber
1031 3866 1073 3920 dia
1085 3867 1228 3932 Proaodia;
1247 3866 1290 3921 dia
1303 3866 1474 3921 Acuentlabra
1492 3865 1629 3919 sobraeitta
1647 3865 1692 3919 ibn
1705 3863 1777 3919 nicbt
1792 3865 1838 3933 ab,
1857 3884 1884 3920 ar
1900 3867 1999 3922 konnta
2017 3867 2061 3924 dia

476 3967 536 4021 Zeit
547 3963 620 4018 nicht
633 3972 769 4026 erwarten,
788 3960 827 4013 sia
841 3959 888 4012 mit
902 3959 993 4012 Cicero
1007 3977 1040 4011 an
1053 3958 1132 4013 lesan.

530 4052 573 4125 (¹)
592 4053 733 4107 Endiicbar
753 4051 831 4105 anall.
853 4067 959 4122 gramm.
975 4068 1000 4120 p.
1008 4052 1070 4103 sto,
1102 4049 1210 4102 Servius
1229 4047 1262 4102 de
1279 4066 1333 4102 acc.
1353 4045 1376 4120 5.
1387 4051 1423 4100 2⁰
1435 4047 1570 4120 Tyrannio
1588 4065 1651 4102 veru
1670 4047 1822 4114 barisanus,
1842 4066 1918 4120 quant
1935 4049 2059 4104 Lucullus

476 4145 656 4201 Mithridatico
670 4145 739 4198 ballo
753 4152 857 4215 captum
871 4140 952 4193 Lucio
963 4141 1088 4194 Murenae
1101 4139 1241 4204 concessit,
1255 4157 1270 4191 a
1284 4157 1335 4210 qno
1349 4140 1394 4193 iila
1408 4139 1527 4193 libertate
1540 4138 1617 4192 sinanl
1632 4149 1659 4191 at
1670 4138 1777 4193 civitate
1791 4138 1902 4192 donatus
1915 4137 1972 4205 tuit,
1985 4150 2059 4212 quat·

474 4248 534 4292 tnor
547 4235 638 4288 scribit
650 4251 708 4287 essa
721 4232 858 4305 prosodias
872 4233 985 4303 βαροίαν,
1000 4230 1085 4301 picae,
1100 4224 1184 4300 α’ξιῐαο
1197 4239 1223 4282 at
1234 4228 1428 4301 οτιρισκωμίνην.
1455 4235 1541 4302 Atque
1553 4229 1693 4283 memoriae
1706 4229 1838 4302 proditum
1851 4240 1899 4295 eat,
1917 4228 1986 4283 bunc
2000 4239 2060 4286 anta

472 4329 543 4384 alios
555 4326 638 4381 inissa
651 4323 860 4397 pronuntiatione
873 4323 1010 4395 potiorem¹
1030 4321 1101 4394 quod
1114 4339 1278 4394 nequaqnam
1291 4320 1396 4393 aaaaqni
1409 4322 1547 4393 potuisset,
1565 4320 1616 4374 nisi
1632 4330 1720 4374 tenore
1737 4320 1897 4392 singularum
1909 4339 2005 4376 vocam
2018 4322 2059 4376 di·

474 4418 644 4494 ligantiaaima
657 4413 808 4486 perquisito.

531 4509 574 4581 (²)
594 4503 758 4562 Graafaoban
776 4503 823 4556 bi.
857 4503 921 4556 Uud
938 4503 988 4557 soli
1007 4503 1073 4556 ancb
1092 4503 1149 4556 eina
1164 4501 1284 4575 Anagaba
1301 4500 1348 4555 dea
1365 4502 1465 4556 Homer
1481 4499 1656 4574 baabaicbtigt
1674 4499 1766 4566 baben,
1786 4500 1829 4554 dia
1852 4501 1913 4555 abar
1932 4501 2005 4556 nicbt
2025 4520 2059 4558 cn

475 4599 573 4655 Standa
586 4600 656 4653 kam.
689 4596 750 4665 Quo
765 4612 797 4647 ex
810 4595 884 4648 ionta
896 4595 937 4648 vir
950 4593 1117 4648 doctissimus
1130 4593 1158 4646 id
1172 4593 1287 4646 hauserit
1298 4593 1399 4646 nescio.

529 4686 572 4760 (²)
591 4688 666 4743 siit.
681 4707 703 4741 s.
714 4705 741 4740 v.
756 4673 870 4738 σκολιίνι
888 4675 1018 4755 ῦτίυνηρια
1037 4681 1128 4755 ίγραψο
1148 4679 1287 4755 Τυραννίων
1304 4683 1362 4754 napi
1379 4681 1425 4736 sari
1437 4681 1542 4736 σκολιοῦ
1553 4681 1653 4755 μίτραν,
1674 4673 1687 4734 δ
1702 4672 1832 4754 προυτέθη
1845 4676 1910 4750 αδτᾷ
1922 4672 1969 4736 ini
1980 4677 2060 4738 Γαίου

474 4779 617 4853 Καίσαρος.
649 4778 722 4831 ldem
735 4778 830 4850 legitur
842 4794 885 4849 ap.
899 4775 988 4829 Scbol.
1004 4775 1037 4828 ad
1052 4776 1131 4830 Arist·
1145 4777 1211 4829 lien.
1225 4795 1253 4830 v·
1264 4777 1344 4830 tait.

529 4871 571 4943 (⁴)
590 4867 744 4941 Bernhardy
757 4867 853 4922 Gaacb.
868 4866 894 4920 d.
910 4865 1015 4920 Griacb.
1029 4866 1091 4919 Litt·
1105 4867 1126 4918 1.
1140 4885 1167 4938 p.
1177 4867 1240 4925 39⁵.
1274 4865 1362 4921 Greci.
1377 4866 1395 4919 Ι.
1404 4866 1424 4920 l.
1438 4857 1500 4930 405,
1514 4857 1568 4918 tat
1582 4873 1609 4918 et
1621 4863 1735 4936 saepius.
