<?xml version="1.0" encoding="UTF-8"?>
<!DOCTYPE html PUBLIC "-//W3C//DTD XHTML 1.0 Transitional//EN"
    "http://www.w3.org/TR/xhtml1/DTD/xhtml1-transitional.dtd">
<html xmlns="http://www.w3.org/1999/xhtml" xml:lang="en" lang="en">
 <head>
  <title>
</title>
<meta http-equiv="Content-Type" content="text/html;charset=utf-8" />
  <meta name='ocr-system' content='tesseract 3.04.00' />
  <meta name='ocr-capabilities' content='ocr_page ocr_carea ocr_par ocr_line ocrx_word'/>
</head>
<body>
  <div class='ocr_page' id='page_1' title='image "./detyrannionegra00plangoog_0012.png"; bbox 0 0 4846 5908; ppageno 0'>
   <div class='ocr_carea' id='block_1_1' title="bbox 1138 389 1160 464">
    <p class='ocr_par' dir='ltr' id='par_1_1' title="bbox 1138 389 1160 464">
     <span class='ocr_line' id='line_1_1' title="bbox 1138 389 1160 464; baseline 0 0"><span class='ocrx_word' id='word_1_1' title='bbox 1138 389 1160 464; x_wconf 91' lang='grc'>7</span> 
     </span>
    </p>
   </div>
   <div class='ocr_carea' id='block_1_2' title="bbox 1035 503 1270 530">
    <p class='ocr_par' dir='ltr' id='par_1_2' title="bbox 1035 503 1270 530">
     <span class='ocr_line' id='line_1_2' title="bbox 1035 503 1270 530; baseline 0 0"><span class='ocrx_word' id='word_1_2' title='bbox 1035 503 1270 530; x_wconf 65' lang='lat' dir='ltr'>mmmm</span> 
     </span>
    </p>
   </div>
   <div class='ocr_carea' id='block_1_3' title="bbox 357 638 1943 2963">
    <p class='ocr_par' dir='ltr' id='par_1_3' title="bbox 357 638 1943 1851">
     <span class='ocr_line' id='line_1_3' title="bbox 358 638 1942 732; baseline -0.001 -18"><span class='ocrx_word' id='word_1_3' title='bbox 358 670 469 714; x_wconf 89' lang='lat' dir='ltr'>senum</span> <span class='ocrx_word' id='word_1_4' title='bbox 498 645 658 712; x_wconf 89' lang='lat' dir='ltr'>audivisse</span> <span class='ocrx_word' id='word_1_5' title='bbox 687 654 821 711; x_wconf 87' lang='lat' dir='ltr'>testetur</span> <span class='ocrx_word' id='word_1_6' title='bbox 842 638 892 725; x_wconf 82' lang='grc' dir='ltr'>(οὗ</span> <span class='ocrx_word' id='word_1_7' title='bbox 910 647 994 726; x_wconf 66' lang='lat' dir='ltr'>ipris</span> <span class='ocrx_word' id='word_1_8' title='bbox 1011 645 1256 730; x_wconf 53' lang='lat' dir='ltr'>insumendam</span> <span class='ocrx_word' id='word_1_9' title='bbox 1288 647 1377 730; x_wconf 90' lang='lat' dir='ltr'>quod</span> <span class='ocrx_word' id='word_1_10' title='bbox 1407 667 1563 732; x_wconf 79' lang='lat' dir='ltr'><strong>nusquam</strong></span> <span class='ocrx_word' id='word_1_11' title='bbox 1592 649 1654 712; x_wconf 93' lang='lat' dir='ltr'>nisi</span> <span class='ocrx_word' id='word_1_12' title='bbox 1676 648 1798 712; x_wconf 84' lang='lat' dir='ltr'>Romae</span> <span class='ocrx_word' id='word_1_13' title='bbox 1825 647 1942 715; x_wconf 83' lang='lat' dir='ltr'>iactum</span> 
     </span>
     <span class='ocr_line' id='line_1_4' title="bbox 359 755 1942 842; baseline -0.001 -17"><span class='ocrx_word' id='word_1_14' title='bbox 359 782 429 826; x_wconf 89' lang='lat' dir='ltr'>esse</span> <span class='ocrx_word' id='word_1_15' title='bbox 452 757 689 824; x_wconf 84' lang='lat' dir='ltr'>existimandum</span> <span class='ocrx_word' id='word_1_16' title='bbox 711 769 791 842; x_wconf 91' lang='lat' dir='ltr'>puto</span> <span class='ocrx_word' id='word_1_17' title='bbox 807 757 873 838; x_wconf 90' lang='lat'><strong>(¹),</strong></span> <span class='ocrx_word' id='word_1_18' title='bbox 903 755 959 821; x_wconf 93' lang='lat' dir='ltr'>ubi</span> <span class='ocrx_word' id='word_1_19' title='bbox 982 755 1114 836; x_wconf 88' lang='lat' dir='ltr'>Strabo,</span> <span class='ocrx_word' id='word_1_20' title='bbox 1144 761 1170 821; x_wconf 91' lang='lat' dir='ltr'>si</span> <span class='ocrx_word' id='word_1_21' title='bbox 1195 757 1404 822; x_wconf 81' lang='lat' dir='ltr'>Grosskurtio</span> <span class='ocrx_word' id='word_1_22' title='bbox 1429 757 1621 823; x_wconf 90' lang='lat' dir='ltr'>credendum</span> <span class='ocrx_word' id='word_1_23' title='bbox 1652 768 1699 823; x_wconf 88' lang='lat' dir='ltr'>est</span> <span class='ocrx_word' id='word_1_24' title='bbox 1722 757 1764 824; x_wconf 88' lang='lat' dir='ltr'>ab</span> <span class='ocrx_word' id='word_1_25' title='bbox 1788 781 1873 824; x_wconf 88' lang='lat' dir='ltr'>anno</span> <span class='ocrx_word' id='word_1_26' title='bbox 1895 761 1942 824; x_wconf 86' lang='lat' dir='ltr'>vi·</span> 
     </span>
     <span class='ocr_line' id='line_1_5' title="bbox 360 868 1942 954; baseline -0.001 -18"><span class='ocrx_word' id='word_1_27' title='bbox 360 876 478 937; x_wconf 90' lang='lat' dir='ltr'>cesimo</span> <span class='ocrx_word' id='word_1_28' title='bbox 508 895 595 938; x_wconf 91' lang='lat' dir='ltr'>nono</span> <span class='ocrx_word' id='word_1_29' title='bbox 624 872 664 936; x_wconf 93' lang='lat' dir='ltr'>ad</span> <span class='ocrx_word' id='word_1_30' title='bbox 692 891 808 935; x_wconf 89' lang='lat' dir='ltr'>annum</span> <span class='ocrx_word' id='word_1_31' title='bbox 836 871 1019 932; x_wconf 89' lang='lat' dir='ltr'>vicesimum</span> <span class='ocrx_word' id='word_1_32' title='bbox 1049 871 1193 954; x_wconf 90' lang='lat' dir='ltr'>quintum</span> <span class='ocrx_word' id='word_1_33' title='bbox 1222 869 1407 934; x_wconf 73' lang='lat' dir='ltr'><strong>morabatur</strong></span> <span class='ocrx_word' id='word_1_34' title='bbox 1426 868 1484 954; x_wconf 76' lang='lat'>(²).</span> <span class='ocrx_word' id='word_1_35' title='bbox 1530 871 1586 935; x_wconf 90' lang='lat' dir='ltr'>Sin</span> <span class='ocrx_word' id='word_1_36' title='bbox 1618 882 1723 936; x_wconf 91' lang='lat' dir='ltr'>autem</span> <span class='ocrx_word' id='word_1_37' title='bbox 1756 869 1942 936; x_wconf 82' lang='lat' dir='ltr'><strong>conceditur</strong></span> 
     </span>
     <span class='ocr_line' id='line_1_6' title="bbox 359 978 1941 1070; baseline -0.002 -22"><span class='ocrx_word' id='word_1_38' title='bbox 359 985 595 1070; x_wconf 80' lang='lat' dir='ltr'>Tyrannionem</span> <span class='ocrx_word' id='word_1_39' title='bbox 620 1005 685 1048; x_wconf 92' lang='lat' dir='ltr'>non</span> <span class='ocrx_word' id='word_1_40' title='bbox 709 991 781 1046; x_wconf 92' lang='lat' dir='ltr'>ante</span> <span class='ocrx_word' id='word_1_41' title='bbox 804 981 867 1044; x_wconf 92' lang='lat' dir='ltr'>hoc</span> <span class='ocrx_word' id='word_1_42' title='bbox 890 991 1015 1065; x_wconf 86' lang='lat' dir='ltr'>tempus</span> <span class='ocrx_word' id='word_1_43' title='bbox 1039 1002 1056 1044; x_wconf 90' lang='lat' dir='ltr'>e</span> <span class='ocrx_word' id='word_1_44' title='bbox 1080 984 1143 1044; x_wconf 86' lang='lat' dir='ltr'>vita</span> <span class='ocrx_word' id='word_1_45' title='bbox 1166 978 1349 1060; x_wconf 78' lang='lat' dir='ltr'>decessisse,</span> <span class='ocrx_word' id='word_1_46' title='bbox 1373 981 1450 1045; x_wconf 80' lang='lat' dir='ltr'>nihil</span> <span class='ocrx_word' id='word_1_47' title='bbox 1474 980 1589 1062; x_wconf 90' lang='lat' dir='ltr'>obstat,</span> <span class='ocrx_word' id='word_1_48' title='bbox 1613 985 1690 1067; x_wconf 92' lang='lat' dir='ltr'>quin</span> <span class='ocrx_word' id='word_1_49' title='bbox 1713 981 1801 1046; x_wconf 81' lang='lat' dir='ltr'>iilum</span> <span class='ocrx_word' id='word_1_50' title='bbox 1825 981 1941 1068; x_wconf 83' lang='lat' dir='ltr'>Oiym-</span> 
     </span>
     <span class='ocr_line' id='line_1_7' title="bbox 358 1085 1942 1182; baseline -0.002 -22"><span class='ocrx_word' id='word_1_51' title='bbox 358 1095 461 1182; x_wconf 86' lang='lat' dir='ltr'>piadis</span> <span class='ocrx_word' id='word_1_52' title='bbox 483 1116 649 1160; x_wconf 89' lang='lat' dir='ltr'>numerum</span> <span class='ocrx_word' id='word_1_53' title='bbox 673 1091 760 1178; x_wconf 86' lang='lat' dir='ltr'>apud</span> <span class='ocrx_word' id='word_1_54' title='bbox 783 1091 913 1156; x_wconf 88' lang='lat' dir='ltr'>Suidam</span> <span class='ocrx_word' id='word_1_55' title='bbox 941 1087 987 1180; x_wconf 77' lang='grc' dir='ltr'>ρκ’</span> <span class='ocrx_word' id='word_1_56' title='bbox 1007 1095 1039 1158; x_wconf 91' lang='lat' dir='ltr'>in</span> <span class='ocrx_word' id='word_1_57' title='bbox 1062 1085 1129 1177; x_wconf 75' lang='lat' dir='ltr'>pau‘</span> <span class='ocrx_word' id='word_1_58' title='bbox 1149 1091 1333 1156; x_wconf 88' lang='lat' dir='ltr'>mutandum</span> <span class='ocrx_word' id='word_1_59' title='bbox 1360 1093 1538 1178; x_wconf 79' lang='lat' dir='ltr'>judicemus</span> <span class='ocrx_word' id='word_1_60' title='bbox 1554 1091 1616 1176; x_wconf 76' lang='lat'>(³).</span> <span class='ocrx_word' id='word_1_61' title='bbox 1662 1095 1741 1158; x_wconf 90' lang='lat' dir='ltr'>Nam</span> <span class='ocrx_word' id='word_1_62' title='bbox 1765 1097 1793 1158; x_wconf 90' lang='lat' dir='ltr'>si</span> <span class='ocrx_word' id='word_1_63' title='bbox 1816 1095 1942 1180; x_wconf 87' lang='lat' dir='ltr'>Tyran-</span> 
     </span>
     <span class='ocr_line' id='line_1_8' title="bbox 357 1204 1942 1291; baseline 0 -21"><span class='ocrx_word' id='word_1_64' title='bbox 357 1209 484 1270; x_wconf 91' lang='lat' dir='ltr'>nionem</span> <span class='ocrx_word' id='word_1_65' title='bbox 507 1205 618 1271; x_wconf 90' lang='lat' dir='ltr'>eodem</span> <span class='ocrx_word' id='word_1_66' title='bbox 643 1206 709 1270; x_wconf 84' lang='lat' dir='ltr'>iere</span> <span class='ocrx_word' id='word_1_67' title='bbox 732 1215 875 1289; x_wconf 88' lang='lat' dir='ltr'>tempore</span> <span class='ocrx_word' id='word_1_68' title='bbox 898 1215 1004 1268; x_wconf 88' lang='lat' dir='ltr'>natum</span> <span class='ocrx_word' id='word_1_69' title='bbox 1030 1226 1099 1268; x_wconf 91' lang='lat' dir='ltr'>esse</span> <span class='ocrx_word' id='word_1_70' title='bbox 1123 1225 1233 1288; x_wconf 90' lang='lat' dir='ltr'>pones,</span> <span class='ocrx_word' id='word_1_71' title='bbox 1258 1225 1324 1288; x_wconf 91' lang='lat' dir='ltr'>quo</span> <span class='ocrx_word' id='word_1_72' title='bbox 1348 1204 1526 1290; x_wconf 87' lang='lat' dir='ltr'>Dionysius</span> <span class='ocrx_word' id='word_1_73' title='bbox 1549 1205 1652 1269; x_wconf 84' lang='lat' dir='ltr'>Thrax</span> <span class='ocrx_word' id='word_1_74' title='bbox 1674 1205 1772 1291; x_wconf 84' lang='lat' dir='ltr'>vulgo</span> <span class='ocrx_word' id='word_1_75' title='bbox 1794 1205 1942 1270; x_wconf 84' lang='lat' dir='ltr'>floruisse</span> 
     </span>
     <span class='ocr_line' id='line_1_9' title="bbox 357 1315 1943 1404; baseline -0.001 -22"><span class='ocrx_word' id='word_1_76' title='bbox 357 1329 497 1404; x_wconf 89' lang='lat' dir='ltr'>putatur,</span> <span class='ocrx_word' id='word_1_77' title='bbox 521 1317 561 1382; x_wconf 92' lang='lat' dir='ltr'>ad</span> <span class='ocrx_word' id='word_1_78' title='bbox 585 1318 811 1402; x_wconf 80' lang='lat' dir='ltr'>octogesimum</span> <span class='ocrx_word' id='word_1_79' title='bbox 834 1336 952 1378; x_wconf 91' lang='lat' dir='ltr'>annum</span> <span class='ocrx_word' id='word_1_80' title='bbox 975 1319 1095 1395; x_wconf 79' lang='lat' dir='ltr'>viserit,</span> <span class='ocrx_word' id='word_1_81' title='bbox 1119 1338 1201 1400; x_wconf 90' lang='lat' dir='ltr'>quae</span> <span class='ocrx_word' id='word_1_82' title='bbox 1225 1327 1319 1395; x_wconf 84' lang='lat' dir='ltr'>aetas,</span> <span class='ocrx_word' id='word_1_83' title='bbox 1347 1319 1490 1400; x_wconf 89' lang='lat' dir='ltr'>quamvis</span> <span class='ocrx_word' id='word_1_84' title='bbox 1514 1315 1683 1380; x_wconf 86' lang='lat' dir='ltr'><strong>admodum</strong></span> <span class='ocrx_word' id='word_1_85' title='bbox 1707 1326 1860 1402; x_wconf 89' lang='lat' dir='ltr'>provecta</span> <span class='ocrx_word' id='word_1_86' title='bbox 1882 1337 1943 1381; x_wconf 91' lang='lat' dir='ltr'>nec</span> 
     </span>
     <span class='ocr_line' id='line_1_10' title="bbox 357 1425 1942 1513; baseline -0.003 -19"><span class='ocrx_word' id='word_1_87' title='bbox 357 1429 477 1495; x_wconf 87' lang='lat' dir='ltr'>Suidae</span> <span class='ocrx_word' id='word_1_88' title='bbox 500 1431 681 1493; x_wconf 88' lang='lat' dir='ltr'>testimonio</span> <span class='ocrx_word' id='word_1_89' title='bbox 705 1437 868 1513; x_wconf 80' lang='lat' dir='ltr'>repugnat,</span> <span class='ocrx_word' id='word_1_90' title='bbox 891 1447 953 1490; x_wconf 88' lang='lat' dir='ltr'>nec</span> <span class='ocrx_word' id='word_1_91' title='bbox 976 1430 1053 1490; x_wconf 90' lang='lat' dir='ltr'>mira</span> <span class='ocrx_word' id='word_1_92' title='bbox 1077 1425 1246 1506; x_wconf 89' lang='lat' dir='ltr'>videbitur,</span> <span class='ocrx_word' id='word_1_93' title='bbox 1271 1431 1325 1511; x_wconf 89' lang='lat' dir='ltr'>qui</span> <span class='ocrx_word' id='word_1_94' title='bbox 1343 1449 1435 1511; x_wconf 87' lang='lat' dir='ltr'>quam</span> <span class='ocrx_word' id='word_1_95' title='bbox 1452 1426 1621 1513; x_wconf 77' lang='lat' dir='ltr'>grandaevi</span> <span class='ocrx_word' id='word_1_96' title='bbox 1639 1428 1865 1513; x_wconf 79' lang='lat' dir='ltr'>Aristophanes</span> <span class='ocrx_word' id='word_1_97' title='bbox 1888 1426 1942 1491; x_wconf 87' lang='lat' dir='ltr'>ille</span> 
     </span>
     <span class='ocr_line' id='line_1_11' title="bbox 358 1537 1942 1628; baseline -0.002 -23"><span class='ocrx_word' id='word_1_98' title='bbox 358 1542 534 1628; x_wconf 85' lang='lat' dir='ltr'>Byzantius</span> <span class='ocrx_word' id='word_1_99' title='bbox 557 1539 674 1625; x_wconf 88' lang='lat' dir='ltr'>aliique</span> <span class='ocrx_word' id='word_1_100' title='bbox 703 1541 894 1624; x_wconf 82' lang='lat' dir='ltr'>grammatici</span> <span class='ocrx_word' id='word_1_101' title='bbox 923 1541 1040 1602; x_wconf 90' lang='lat' dir='ltr'>mortui</span> <span class='ocrx_word' id='word_1_102' title='bbox 1063 1541 1124 1602; x_wconf 87' lang='lat' dir='ltr'>sint</span> <span class='ocrx_word' id='word_1_103' title='bbox 1147 1541 1296 1602; x_wconf 89' lang='lat' dir='ltr'>memoria</span> <span class='ocrx_word' id='word_1_104' title='bbox 1319 1549 1412 1603; x_wconf 89' lang='lat' dir='ltr'>tenet.</span> <span class='ocrx_word' id='word_1_105' title='bbox 1465 1540 1547 1604; x_wconf 89' lang='lat' dir='ltr'>Turn</span> <span class='ocrx_word' id='word_1_106' title='bbox 1571 1559 1649 1603; x_wconf 91' lang='lat' dir='ltr'>vero</span> <span class='ocrx_word' id='word_1_107' title='bbox 1672 1540 1839 1625; x_wconf 79' lang='lat' dir='ltr'>Tyrannio</span> <span class='ocrx_word' id='word_1_108' title='bbox 1863 1537 1942 1602; x_wconf 90' lang='lat' dir='ltr'>alter</span> 
     </span>
     <span class='ocr_line' id='line_1_12' title="bbox 358 1648 1942 1734; baseline -0.003 -16"><span class='ocrx_word' id='word_1_109' title='bbox 358 1656 426 1718; x_wconf 90' lang='lat' dir='ltr'>sive</span> <span class='ocrx_word' id='word_1_110' title='bbox 451 1655 582 1716; x_wconf 84' lang='lat' dir='ltr'>Actiaco</span> <span class='ocrx_word' id='word_1_111' title='bbox 601 1655 669 1715; x_wconf 91' lang='lat' dir='ltr'>sive</span> <span class='ocrx_word' id='word_1_112' title='bbox 698 1649 761 1714; x_wconf 88' lang='lat' dir='ltr'>alio</span> <span class='ocrx_word' id='word_1_113' title='bbox 785 1648 873 1714; x_wconf 83' lang='lat' dir='ltr'>bello</span> <span class='ocrx_word' id='word_1_114' title='bbox 903 1659 1014 1734; x_wconf 91' lang='lat' dir='ltr'>captus</span> <span class='ocrx_word' id='word_1_115' title='bbox 1046 1651 1195 1734; x_wconf 91' lang='lat' dir='ltr'>majorem</span> <span class='ocrx_word' id='word_1_116' title='bbox 1227 1649 1338 1714; x_wconf 90' lang='lat' dir='ltr'>audire</span> <span class='ocrx_word' id='word_1_117' title='bbox 1370 1661 1495 1734; x_wconf 88' lang='lat' dir='ltr'>poterat</span> <span class='ocrx_word' id='word_1_118' title='bbox 1525 1662 1556 1714; x_wconf 90' lang='lat' dir='ltr'>et</span> <span class='ocrx_word' id='word_1_119' title='bbox 1584 1651 1720 1716; x_wconf 78' lang='lat' dir='ltr'>fortasse</span> <span class='ocrx_word' id='word_1_120' title='bbox 1752 1648 1942 1734; x_wconf 84' lang='lat' dir='ltr'>discipulum</span> 
     </span>
     <span class='ocr_line' id='line_1_13' title="bbox 358 1759 1660 1851; baseline -0.002 -22"><span class='ocrx_word' id='word_1_121' title='bbox 358 1767 505 1851; x_wconf 79' lang='lat' dir='ltr'>magister</span> <span class='ocrx_word' id='word_1_122' title='bbox 527 1784 567 1828; x_wconf 90' lang='lat' dir='ltr'>eo</span> <span class='ocrx_word' id='word_1_123' title='bbox 589 1765 688 1848; x_wconf 74' lang='lat' dir='ltr'>magis</span> <span class='ocrx_word' id='word_1_124' title='bbox 712 1759 825 1839; x_wconf 79' lang='lat' dir='ltr'>ditexit,</span> <span class='ocrx_word' id='word_1_125' title='bbox 850 1763 905 1845; x_wconf 88' lang='lat' dir='ltr'>qui</span> <span class='ocrx_word' id='word_1_126' title='bbox 928 1759 1038 1825; x_wconf 89' lang='lat' dir='ltr'>iisdem</span> <span class='ocrx_word' id='word_1_127' title='bbox 1061 1759 1158 1824; x_wconf 88' lang='lat' dir='ltr'>rebus</span> <span class='ocrx_word' id='word_1_128' title='bbox 1182 1759 1321 1826; x_wconf 89' lang='lat' dir='ltr'>adversis</span> <span class='ocrx_word' id='word_1_129' title='bbox 1347 1762 1544 1826; x_wconf 85' lang='lat' dir='ltr'>condictatus</span> <span class='ocrx_word' id='word_1_130' title='bbox 1568 1772 1660 1826; x_wconf 84' lang='lat' dir='ltr'>esset</span> 
     </span>
    </p>

    <p class='ocr_par' dir='ltr' id='par_1_4' title="bbox 358 1869 1943 2963">
     <span class='ocr_line' id='line_1_14' title="bbox 511 1869 1942 1958; baseline -0.002 -20"><span class='ocrx_word' id='word_1_131' title='bbox 511 1875 666 1938; x_wconf 85' lang='lat' dir='ltr'>Venimus</span> <span class='ocrx_word' id='word_1_132' title='bbox 690 1871 729 1936; x_wconf 93' lang='lat' dir='ltr'>ad</span> <span class='ocrx_word' id='word_1_133' title='bbox 745 1875 871 1958; x_wconf 88' lang='lat' dir='ltr'>scripta,</span> <span class='ocrx_word' id='word_1_134' title='bbox 895 1893 977 1957; x_wconf 89' lang='lat' dir='ltr'>quae</span> <span class='ocrx_word' id='word_1_135' title='bbox 1001 1869 1061 1935; x_wconf 92' lang='lat' dir='ltr'>sub</span> <span class='ocrx_word' id='word_1_136' title='bbox 1085 1873 1213 1944; x_wconf 88' lang='lat' dir='ltr'>nornine</span> <span class='ocrx_word' id='word_1_137' title='bbox 1233 1873 1449 1958; x_wconf 81' lang='lat' dir='ltr'>Tyrannionis</span> <span class='ocrx_word' id='word_1_138' title='bbox 1472 1876 1601 1938; x_wconf 88' lang='lat' dir='ltr'>minoris</span> <span class='ocrx_word' id='word_1_139' title='bbox 1625 1873 1779 1937; x_wconf 80' lang='lat' dir='ltr'>feruutur.</span> <span class='ocrx_word' id='word_1_140' title='bbox 1811 1869 1942 1936; x_wconf 91' lang='lat' dir='ltr'>Suidam</span> 
     </span>
     <span class='ocr_line' id='line_1_15' title="bbox 359 1981 1941 2072; baseline -0.003 -20"><span class='ocrx_word' id='word_1_141' title='bbox 359 1998 521 2052; x_wconf 82' lang='lat' dir='ltr'>auctorem</span> <span class='ocrx_word' id='word_1_142' title='bbox 549 1987 649 2049; x_wconf 90' lang='lat' dir='ltr'>secuti</span> <span class='ocrx_word' id='word_1_143' title='bbox 678 1987 769 2047; x_wconf 88' lang='lat' dir='ltr'>etism</span> <span class='ocrx_word' id='word_1_144' title='bbox 798 1993 907 2047; x_wconf 90' lang='lat' dir='ltr'>nostra</span> <span class='ocrx_word' id='word_1_145' title='bbox 935 1986 1086 2047; x_wconf 90' lang='lat' dir='ltr'>memoria</span> <span class='ocrx_word' id='word_1_146' title='bbox 1116 1982 1182 2047; x_wconf 84' lang='lat' dir='ltr'>iere</span> <span class='ocrx_word' id='word_1_147' title='bbox 1211 2004 1320 2048; x_wconf 90' lang='lat' dir='ltr'>omnes</span> <span class='ocrx_word' id='word_1_148' title='bbox 1352 1987 1510 2072; x_wconf 80' lang='lat' dir='ltr'>sexaginta</span> <span class='ocrx_word' id='word_1_149' title='bbox 1542 1995 1618 2048; x_wconf 93' lang='lat' dir='ltr'>octo</span> <span class='ocrx_word' id='word_1_150' title='bbox 1641 1982 1691 2065; x_wconf 75' lang='lat'>(⁴)</span> <span class='ocrx_word' id='word_1_151' title='bbox 1721 1981 1822 2048; x_wconf 87' lang='lat' dir='ltr'>libros</span> <span class='ocrx_word' id='word_1_152' title='bbox 1853 1982 1941 2048; x_wconf 88' lang='lat' dir='ltr'>ilium</span> 
     </span>
     <span class='ocr_line' id='line_1_16' title="bbox 359 2092 1942 2184; baseline -0.003 -20"><span class='ocrx_word' id='word_1_153' title='bbox 359 2102 523 2184; x_wconf 85' lang='lat' dir='ltr'>scripsisse</span> <span class='ocrx_word' id='word_1_154' title='bbox 552 2095 718 2160; x_wconf 75' lang='lat' dir='ltr'>affirmant.</span> <span class='ocrx_word' id='word_1_155' title='bbox 768 2094 842 2179; x_wconf 86' lang='lat' dir='ltr'>Qua</span> <span class='ocrx_word' id='word_1_156' title='bbox 875 2092 916 2158; x_wconf 92' lang='lat' dir='ltr'>de</span> <span class='ocrx_word' id='word_1_157' title='bbox 945 2116 980 2158; x_wconf 91' lang='lat' dir='ltr'>re</span> <span class='ocrx_word' id='word_1_158' title='bbox 1011 2116 1072 2158; x_wconf 90' lang='lat' dir='ltr'>nos</span> <span class='ocrx_word' id='word_1_159' title='bbox 1099 2093 1264 2159; x_wconf 76' lang='lat' dir='ltr'>dissentire</span> <span class='ocrx_word' id='word_1_160' title='bbox 1286 2097 1347 2182; x_wconf 85' lang='lat' dir='ltr'>jam</span> <span class='ocrx_word' id='word_1_161' title='bbox 1380 2119 1476 2182; x_wconf 89' lang='lat' dir='ltr'>supra</span> <span class='ocrx_word' id='word_1_162' title='bbox 1507 2098 1830 2161; x_wconf 82' lang='lat' dir='ltr'>commemoravimus.</span> <span class='ocrx_word' id='word_1_163' title='bbox 1875 2093 1942 2159; x_wconf 88' lang='lat' dir='ltr'>Sed</span> 
     </span>
     <span class='ocr_line' id='line_1_17' title="bbox 358 2204 1942 2292; baseline -0.003 -18"><span class='ocrx_word' id='word_1_164' title='bbox 358 2231 410 2274; x_wconf 88' lang='lat' dir='ltr'>res</span> <span class='ocrx_word' id='word_1_165' title='bbox 434 2208 572 2274; x_wconf 77' lang='lat' dir='ltr'>difficilis</span> <span class='ocrx_word' id='word_1_166' title='bbox 596 2218 644 2271; x_wconf 91' lang='lat' dir='ltr'>est</span> <span class='ocrx_word' id='word_1_167' title='bbox 667 2205 707 2270; x_wconf 88' lang='lat' dir='ltr'>ad</span> <span class='ocrx_word' id='word_1_168' title='bbox 722 2204 940 2292; x_wconf 89' lang='lat' dir='ltr'>judicandum,</span> <span class='ocrx_word' id='word_1_169' title='bbox 968 2204 1058 2290; x_wconf 83' lang='lat' dir='ltr'>qrrod</span> <span class='ocrx_word' id='word_1_170' title='bbox 1082 2205 1268 2291; x_wconf 89' lang='lat' dir='ltr'>ubicunque</span> <span class='ocrx_word' id='word_1_171' title='bbox 1289 2210 1322 2270; x_wconf 94' lang='lat' dir='ltr'>in</span> <span class='ocrx_word' id='word_1_172' title='bbox 1344 2205 1433 2271; x_wconf 89' lang='lat' dir='ltr'>libris</span> <span class='ocrx_word' id='word_1_173' title='bbox 1456 2211 1522 2272; x_wconf 89' lang='lat' dir='ltr'>suis</span> <span class='ocrx_word' id='word_1_174' title='bbox 1546 2210 1717 2292; x_wconf 83' lang='lat' dir='ltr'>scriptores</span> <span class='ocrx_word' id='word_1_175' title='bbox 1733 2217 1857 2271; x_wconf 87' lang='lat' dir='ltr'>veteres</span> <span class='ocrx_word' id='word_1_176' title='bbox 1873 2207 1942 2292; x_wconf 83' lang='lat' dir='ltr'>Ty·</span> 
     </span>
     <span class='ocr_line' id='line_1_18' title="bbox 358 2316 1941 2405; baseline -0.001 -23"><span class='ocrx_word' id='word_1_177' title='bbox 358 2321 545 2383; x_wconf 87' lang='lat' dir='ltr'>rannionem</span> <span class='ocrx_word' id='word_1_178' title='bbox 576 2322 754 2397; x_wconf 87' lang='lat' dir='ltr'>nominant,</span> <span class='ocrx_word' id='word_1_179' title='bbox 784 2337 961 2404; x_wconf 76' lang='lat' dir='ltr'>cognomen</span> <span class='ocrx_word' id='word_1_180' title='bbox 991 2338 1057 2380; x_wconf 90' lang='lat' dir='ltr'>non</span> <span class='ocrx_word' id='word_1_181' title='bbox 1087 2316 1248 2402; x_wconf 86' lang='lat' dir='ltr'>adjiciunt.</span> <span class='ocrx_word' id='word_1_182' title='bbox 1299 2319 1411 2403; x_wconf 88' lang='lat' dir='ltr'>Itaque</span> <span class='ocrx_word' id='word_1_183' title='bbox 1442 2317 1658 2405; x_wconf 88' lang='lat' dir='ltr'>quaerendum</span> <span class='ocrx_word' id='word_1_184' title='bbox 1682 2339 1837 2398; x_wconf 87' lang='lat' dir='ltr'>censeam,</span> <span class='ocrx_word' id='word_1_185' title='bbox 1865 2339 1941 2382; x_wconf 91' lang='lat' dir='ltr'>num</span> 
     </span>
     <span class='ocr_line' id='line_1_19' title="bbox 359 2427 1942 2515; baseline -0.002 -20"><span class='ocrx_word' id='word_1_186' title='bbox 359 2433 485 2515; x_wconf 88' lang='lat' dir='ltr'>scripta,</span> <span class='ocrx_word' id='word_1_187' title='bbox 509 2451 646 2514; x_wconf 91' lang='lat' dir='ltr'>quorum</span> <span class='ocrx_word' id='word_1_188' title='bbox 670 2430 841 2514; x_wconf 80' lang='lat' dir='ltr'>fragmenta</span> <span class='ocrx_word' id='word_1_189' title='bbox 864 2427 904 2491; x_wconf 91' lang='lat' dir='ltr'>ad</span> <span class='ocrx_word' id='word_1_190' title='bbox 920 2448 979 2492; x_wconf 92' lang='lat' dir='ltr'>nos</span> <span class='ocrx_word' id='word_1_191' title='bbox 995 2432 1204 2512; x_wconf 83' lang='lat' dir='ltr'>pervenerint,</span> <span class='ocrx_word' id='word_1_192' title='bbox 1226 2430 1393 2495; x_wconf 79' lang='lat' dir='ltr'>Amisenus</span> <span class='ocrx_word' id='word_1_193' title='bbox 1409 2451 1449 2494; x_wconf 88' lang='lat' dir='ltr'>an</span> <span class='ocrx_word' id='word_1_194' title='bbox 1468 2431 1606 2496; x_wconf 84' lang='lat' dir='ltr'>Phoenix</span> <span class='ocrx_word' id='word_1_195' title='bbox 1629 2431 1854 2515; x_wconf 86' lang='lat' dir='ltr'>composuerit.</span> <span class='ocrx_word' id='word_1_196' title='bbox 1888 2428 1942 2493; x_wconf 85' lang='lat' dir='ltr'>Li·</span> 
     </span>
     <span class='ocr_line' id='line_1_20' title="bbox 359 2533 1943 2627; baseline 0 -23"><span class='ocrx_word' id='word_1_197' title='bbox 359 2539 467 2619; x_wconf 88' lang='lat' dir='ltr'>hrum,</span> <span class='ocrx_word' id='word_1_198' title='bbox 499 2543 555 2625; x_wconf 91' lang='lat' dir='ltr'>qui</span> <span class='ocrx_word' id='word_1_199' title='bbox 577 2539 758 2604; x_wconf 89' lang='lat' dir='ltr'>inscribitur</span> <span class='ocrx_word' id='word_1_200' title='bbox 780 2535 913 2624; x_wconf 74' lang='grc' dir='ltr'><strong><em>περὶτῶν</em></strong></span> <span class='ocrx_word' id='word_1_201' title='bbox 934 2539 1027 2620; x_wconf 76' lang='grc' dir='ltr'><strong><em>μερῶν</em></strong></span> <span class='ocrx_word' id='word_1_202' title='bbox 1046 2539 1099 2604; x_wconf 82' lang='grc' dir='ltr'>τοῦ</span> <span class='ocrx_word' id='word_1_203' title='bbox 1119 2533 1213 2623; x_wconf 69' lang='grc' dir='ltr'>λόγου</span> <span class='ocrx_word' id='word_1_204' title='bbox 1237 2544 1437 2625; x_wconf 79' lang='lat' dir='ltr'>grammatico</span> <span class='ocrx_word' id='word_1_205' title='bbox 1466 2544 1578 2627; x_wconf 88' lang='lat' dir='ltr'>majori</span> <span class='ocrx_word' id='word_1_206' title='bbox 1605 2539 1842 2606; x_wconf 86' lang='lat' dir='ltr'>attribuendum</span> <span class='ocrx_word' id='word_1_207' title='bbox 1872 2560 1943 2605; x_wconf 90' lang='lat' dir='ltr'>esse</span> 
     </span>
     <span class='ocr_line' id='line_1_21' title="bbox 359 2648 1943 2738; baseline 0.001 -23"><span class='ocrx_word' id='word_1_208' title='bbox 359 2651 483 2717; x_wconf 89' lang='lat' dir='ltr'>Lehrsii</span> <span class='ocrx_word' id='word_1_209' title='bbox 506 2653 693 2716; x_wconf 84' lang='lat' dir='ltr'>auctoritate</span> <span class='ocrx_word' id='word_1_210' title='bbox 720 2649 820 2736; x_wconf 89' lang='lat' dir='ltr'>adjuti</span> <span class='ocrx_word' id='word_1_211' title='bbox 850 2653 1029 2714; x_wconf 89' lang='lat' dir='ltr'>etiamnunc</span> <span class='ocrx_word' id='word_1_212' title='bbox 1056 2648 1277 2714; x_wconf 87' lang='lat' dir='ltr'>contendimus</span> <span class='ocrx_word' id='word_1_213' title='bbox 1293 2648 1353 2734; x_wconf 77' lang='lat'>(⁶).</span> <span class='ocrx_word' id='word_1_214' title='bbox 1398 2653 1498 2716; x_wconf 88' lang='lat' dir='ltr'>Etiam</span> <span class='ocrx_word' id='word_1_215' title='bbox 1527 2651 1567 2716; x_wconf 87' lang='lat' dir='ltr'>de</span> <span class='ocrx_word' id='word_1_216' title='bbox 1591 2654 1759 2717; x_wconf 86' lang='lat' dir='ltr'>Homerica</span> <span class='ocrx_word' id='word_1_217' title='bbox 1790 2649 1943 2738; x_wconf 78' lang='lat' dir='ltr'>prosodia</span> 
     </span>
     <span class='ocr_line' id='line_1_22' title="bbox 361 2760 1941 2851; baseline -0.001 -21"><span class='ocrx_word' id='word_1_218' title='bbox 361 2763 475 2830; x_wconf 91' lang='lat' dir='ltr'>dubito</span> <span class='ocrx_word' id='word_1_219' title='bbox 499 2784 540 2828; x_wconf 92' lang='lat' dir='ltr'>an</span> <span class='ocrx_word' id='word_1_220' title='bbox 564 2764 713 2827; x_wconf 84' lang='lat' dir='ltr'>Amisene</span> <span class='ocrx_word' id='word_1_221' title='bbox 737 2784 803 2826; x_wconf 91' lang='lat' dir='ltr'>non</span> <span class='ocrx_word' id='word_1_222' title='bbox 827 2760 1002 2845; x_wconf 84' lang='lat' dir='ltr'>abjudicari</span> <span class='ocrx_word' id='word_1_223' title='bbox 1025 2763 1136 2846; x_wconf 86' lang='lat' dir='ltr'>possit.</span> <span class='ocrx_word' id='word_1_224' title='bbox 1181 2762 1263 2827; x_wconf 88' lang='lat' dir='ltr'>Nam</span> <span class='ocrx_word' id='word_1_225' title='bbox 1286 2765 1318 2826; x_wconf 91' lang='lat' dir='ltr'>in</span> <span class='ocrx_word' id='word_1_226' title='bbox 1343 2784 1382 2826; x_wconf 90' lang='lat' dir='ltr'>eo</span> <span class='ocrx_word' id='word_1_227' title='bbox 1406 2761 1488 2828; x_wconf 86' lang='lat' dir='ltr'>libro</span> <span class='ocrx_word' id='word_1_228' title='bbox 1513 2765 1743 2850; x_wconf 87' lang='lat' dir='ltr'>Tyrannionis,</span> <span class='ocrx_word' id='word_1_229' title='bbox 1767 2787 1861 2851; x_wconf 86' lang='lat' dir='ltr'>quem</span> <span class='ocrx_word' id='word_1_230' title='bbox 1885 2761 1941 2829; x_wconf 84' lang='lat' dir='ltr'>Ci-</span> 
     </span>
     <span class='ocr_line' id='line_1_23' title="bbox 360 2871 1943 2963; baseline -0.002 -22"><span class='ocrx_word' id='word_1_231' title='bbox 360 2897 436 2941; x_wconf 89' lang='lat' dir='ltr'>cero</span> <span class='ocrx_word' id='word_1_232' title='bbox 461 2874 501 2940; x_wconf 88' lang='lat' dir='ltr'>ah</span> <span class='ocrx_word' id='word_1_233' title='bbox 519 2875 624 2938; x_wconf 83' lang='lat' dir='ltr'>httico</span> <span class='ocrx_word' id='word_1_234' title='bbox 646 2877 752 2960; x_wconf 90' lang='lat' dir='ltr'>petiit,</span> <span class='ocrx_word' id='word_1_235' title='bbox 774 2871 895 2958; x_wconf 84' lang='lat' dir='ltr'>aliquid</span> <span class='ocrx_word' id='word_1_236' title='bbox 919 2872 959 2938; x_wconf 93' lang='lat' dir='ltr'>de</span> <span class='ocrx_word' id='word_1_237' title='bbox 982 2883 1116 2936; x_wconf 89' lang='lat' dir='ltr'>accentu</span> <span class='ocrx_word' id='word_1_238' title='bbox 1140 2895 1210 2938; x_wconf 89' lang='lat' dir='ltr'>esse</span> <span class='ocrx_word' id='word_1_239' title='bbox 1233 2871 1425 2961; x_wconf 85' lang='lat' dir='ltr'>disputatum</span> <span class='ocrx_word' id='word_1_240' title='bbox 1449 2897 1487 2939; x_wconf 86' lang='lat' dir='ltr'>ex</span> <span class='ocrx_word' id='word_1_241' title='bbox 1510 2875 1616 2942; x_wconf 87' lang='lat' dir='ltr'>verbis</span> <span class='ocrx_word' id='word_1_242' title='bbox 1640 2876 1794 2963; x_wconf 84' lang='lat' dir='ltr'>epistolae</span> <span class='ocrx_word' id='word_1_243' title='bbox 1818 2876 1943 2962; x_wconf 91' lang='lat' dir='ltr'>opinari</span> 
     </span>
    </p>
   </div>
   <div class='ocr_carea' id='block_1_4' title="bbox 357 2983 1942 3075">
    <p class='ocr_par' dir='ltr' id='par_1_5' title="bbox 357 2983 1942 3075">
     <span class='ocr_line' id='line_1_24' title="bbox 357 2983 1942 3075; baseline 0 -23"><span class='ocrx_word' id='word_1_244' title='bbox 357 2987 435 3053; x_wconf 87' lang='lat' dir='ltr'>Licet</span> <span class='ocrx_word' id='word_1_245' title='bbox 451 2986 510 3071; x_wconf 79' lang='lat'>(⁶).</span> <span class='ocrx_word' id='word_1_246' title='bbox 549 2987 638 3050; x_wconf 86' lang='lat' dir='ltr'>Haec</span> <span class='ocrx_word' id='word_1_247' title='bbox 659 3007 730 3050; x_wconf 89' lang='lat' dir='ltr'>esse</span> <span class='ocrx_word' id='word_1_248' title='bbox 752 2987 872 3050; x_wconf 89' lang='lat' dir='ltr'>incerta</span> <span class='ocrx_word' id='word_1_249' title='bbox 896 2983 1057 3050; x_wconf 82' lang='lat' dir='ltr'>confiteor</span> <span class='ocrx_word' id='word_1_250' title='bbox 1072 3006 1132 3049; x_wconf 92' lang='lat' dir='ltr'>nec</span> <span class='ocrx_word' id='word_1_251' title='bbox 1154 2989 1339 3050; x_wconf 85' lang='lat' dir='ltr'>senteutiam</span> <span class='ocrx_word' id='word_1_252' title='bbox 1361 2989 1423 3072; x_wconf 85' lang='lat' dir='ltr'>jam</span> <span class='ocrx_word' id='word_1_253' title='bbox 1447 2986 1488 3050; x_wconf 89' lang='lat' dir='ltr'>ab</span> <span class='ocrx_word' id='word_1_254' title='bbox 1509 2987 1577 3052; x_wconf 86' lang='lat' dir='ltr'>aliis</span> <span class='ocrx_word' id='word_1_255' title='bbox 1593 2986 1642 3072; x_wconf 83' lang='lat'>(⁷)</span> <span class='ocrx_word' id='word_1_256' title='bbox 1665 2991 1862 3075; x_wconf 87' lang='lat' dir='ltr'>propositam</span> <span class='ocrx_word' id='word_1_257' title='bbox 1878 3008 1942 3052; x_wconf 90' lang='lat' dir='ltr'>am-</span> 
     </span>
    </p>
   </div>
   <div class='ocr_carea' id='block_1_5' title="bbox 360 3165 1942 4694">
    <p class='ocr_par' dir='ltr' id='par_1_6' title="bbox 360 3165 1942 3588">
     <span class='ocr_line' id='line_1_25' title="bbox 416 3165 1942 3240; baseline 0 -19"><span class='ocrx_word' id='word_1_258' title='bbox 416 3167 458 3240; x_wconf 84' lang='lat'>(¹)</span> <span class='ocrx_word' id='word_1_259' title='bbox 477 3168 588 3222; x_wconf 86' lang='lat' dir='ltr'>Schoell.</span> <span class='ocrx_word' id='word_1_260' title='bbox 603 3167 696 3220; x_wconf 90' lang='lat' dir='ltr'>Gesch.</span> <span class='ocrx_word' id='word_1_261' title='bbox 717 3166 740 3220; x_wconf 94' lang='lat' dir='ltr'>d.</span> <span class='ocrx_word' id='word_1_262' title='bbox 759 3165 852 3238; x_wconf 85' lang='lat' dir='ltr'>griech.</span> <span class='ocrx_word' id='word_1_263' title='bbox 867 3166 926 3221; x_wconf 86' lang='lat' dir='ltr'>Litt.</span> <span class='ocrx_word' id='word_1_264' title='bbox 939 3169 971 3232; x_wconf 86' lang='lat'>11,</span> <span class='ocrx_word' id='word_1_265' title='bbox 989 3170 1083 3239; x_wconf 71' lang='lat' dir='ltr'>poss.</span> <span class='ocrx_word' id='word_1_266' title='bbox 1124 3169 1164 3220; x_wconf 89' lang='lat' dir='ltr'>Zu</span> <span class='ocrx_word' id='word_1_267' title='bbox 1179 3169 1290 3235; x_wconf 73' lang='lat' dir='ltr'>Amisus,</span> <span class='ocrx_word' id='word_1_268' title='bbox 1308 3189 1352 3222; x_wconf 88' lang='lat' dir='ltr'>wo</span> <span class='ocrx_word' id='word_1_269' title='bbox 1371 3189 1397 3222; x_wconf 88' lang='lat' dir='ltr'>er</span> <span class='ocrx_word' id='word_1_270' title='bbox 1418 3169 1476 3222; x_wconf 82' lang='lat' dir='ltr'>eine</span> <span class='ocrx_word' id='word_1_271' title='bbox 1497 3170 1592 3224; x_wconf 88' lang='lat' dir='ltr'>Schule</span> <span class='ocrx_word' id='word_1_272' title='bbox 1613 3171 1719 3236; x_wconf 83' lang='lat' dir='ltr'>stiftete,</span> <span class='ocrx_word' id='word_1_273' title='bbox 1738 3171 1829 3224; x_wconf 90' lang='lat' dir='ltr'>wurde</span> <span class='ocrx_word' id='word_1_274' title='bbox 1851 3190 1878 3224; x_wconf 88' lang='lat' dir='ltr'>er</span> <span class='ocrx_word' id='word_1_275' title='bbox 1897 3169 1942 3222; x_wconf 90' lang='lat' dir='ltr'>der</span> 
     </span>
     <span class='ocr_line' id='line_1_26' title="bbox 360 3256 1941 3334; baseline -0.001 -20"><span class='ocrx_word' id='word_1_276' title='bbox 360 3261 455 3314; x_wconf 83' lang='lat' dir='ltr'>Lehrer</span> <span class='ocrx_word' id='word_1_277' title='bbox 468 3259 591 3313; x_wconf 87' lang='lat' dir='ltr'>Strabo’s.</span> <span class='ocrx_word' id='word_1_278' title='bbox 624 3261 681 3310; x_wconf 83' lang='lat' dir='ltr'>Hoc</span> <span class='ocrx_word' id='word_1_279' title='bbox 695 3276 746 3310; x_wconf 87' lang='lat' dir='ltr'>uon</span> <span class='ocrx_word' id='word_1_280' title='bbox 760 3256 914 3321; x_wconf 67' lang='lat' dir='ltr'>concedam</span> <span class='ocrx_word' id='word_1_281' title='bbox 934 3269 1044 3328; x_wconf 85' lang='lat' dir='ltr'>quatuor</span> <span class='ocrx_word' id='word_1_282' title='bbox 1057 3259 1125 3311; x_wconf 91' lang='lat' dir='ltr'>enim</span> <span class='ocrx_word' id='word_1_283' title='bbox 1139 3259 1180 3310; x_wconf 88' lang='lat' dir='ltr'>vei</span> <span class='ocrx_word' id='word_1_284' title='bbox 1195 3259 1309 3330; x_wconf 88' lang='lat' dir='ltr'>quinque</span> <span class='ocrx_word' id='word_1_285' title='bbox 1322 3261 1396 3312; x_wconf 89' lang='lat' dir='ltr'>annis</span> <span class='ocrx_word' id='word_1_286' title='bbox 1410 3271 1547 3332; x_wconf 85' lang='lat' dir='ltr'>antequam</span> <span class='ocrx_word' id='word_1_287' title='bbox 1560 3261 1653 3313; x_wconf 87' lang='lat' dir='ltr'>Strabo</span> <span class='ocrx_word' id='word_1_288' title='bbox 1668 3271 1744 3314; x_wconf 88' lang='lat' dir='ltr'>natus</span> <span class='ocrx_word' id='word_1_289' title='bbox 1757 3272 1798 3314; x_wconf 86' lang='lat' dir='ltr'>est</span> <span class='ocrx_word' id='word_1_290' title='bbox 1807 3261 1941 3334; x_wconf 88' lang='lat' dir='ltr'>Tyrannio</span> 
     </span>
     <span class='ocr_line' id='line_1_27' title="bbox 361 3345 1942 3425; baseline 0 -20"><span class='ocrx_word' id='word_1_291' title='bbox 361 3372 376 3406; x_wconf 92' lang='lat' dir='ltr'>a</span> <span class='ocrx_word' id='word_1_292' title='bbox 389 3351 498 3405; x_wconf 86' lang='lat' dir='ltr'>Lucullo</span> <span class='ocrx_word' id='word_1_293' title='bbox 513 3367 546 3402; x_wconf 82' lang='lat' dir='ltr'>ex</span> <span class='ocrx_word' id='word_1_294' title='bbox 559 3349 622 3402; x_wconf 81' lang='lat' dir='ltr'>Asia</span> <span class='ocrx_word' id='word_1_295' title='bbox 634 3347 762 3401; x_wconf 87' lang='lat' dir='ltr'>deductus</span> <span class='ocrx_word' id='word_1_296' title='bbox 775 3349 875 3400; x_wconf 80' lang='lat' dir='ltr'>Romae</span> <span class='ocrx_word' id='word_1_297' title='bbox 891 3349 944 3420; x_wconf 85' lang='lat' dir='ltr'>jam</span> <span class='ocrx_word' id='word_1_298' title='bbox 960 3349 1090 3403; x_wconf 83' lang='lat' dir='ltr'>docuerat.</span> <span class='ocrx_word' id='word_1_299' title='bbox 1127 3351 1204 3402; x_wconf 86' lang='lat' dir='ltr'>Hunc</span> <span class='ocrx_word' id='word_1_300' title='bbox 1221 3368 1332 3403; x_wconf 86' lang='lat' dir='ltr'>errorem</span> <span class='ocrx_word' id='word_1_301' title='bbox 1350 3351 1476 3404; x_wconf 84' lang='lat' dir='ltr'>vitatunu</span> <span class='ocrx_word' id='word_1_302' title='bbox 1490 3351 1696 3404; x_wconf 82' lang='lat' dir='ltr'>Graeisnhaaius</span> <span class='ocrx_word' id='word_1_303' title='bbox 1714 3352 1743 3420; x_wconf 89' lang='lat' dir='ltr'>(L</span> <span class='ocrx_word' id='word_1_304' title='bbox 1757 3353 1773 3408; x_wconf 92' lang='lat' dir='ltr'>L</span> <span class='ocrx_word' id='word_1_305' title='bbox 1787 3345 1896 3425; x_wconf 77' lang='lat' dir='ltr'>deS.)</span> <span class='ocrx_word' id='word_1_306' title='bbox 1913 3352 1942 3406; x_wconf 86' lang='lat' dir='ltr'>in</span> 
     </span>
     <span class='ocr_line' id='line_1_28' title="bbox 361 3438 1941 3514; baseline -0.001 -17"><span class='ocrx_word' id='word_1_307' title='bbox 361 3443 440 3497; x_wconf 89' lang='lat' dir='ltr'>alium</span> <span class='ocrx_word' id='word_1_308' title='bbox 453 3439 552 3503; x_wconf 79' lang='lat' dir='ltr'>incidit,</span> <span class='ocrx_word' id='word_1_309' title='bbox 566 3440 609 3511; x_wconf 83' lang='lat' dir='ltr'>qui</span> <span class='ocrx_word' id='word_1_310' title='bbox 619 3438 815 3511; x_wconf 87' lang='lat' dir='ltr'>Tyrannionem</span> <span class='ocrx_word' id='word_1_311' title='bbox 829 3439 955 3492; x_wconf 86' lang='lat' dir='ltr'>minorem</span> <span class='ocrx_word' id='word_1_312' title='bbox 967 3439 993 3492; x_wconf 88' lang='lat' dir='ltr'>in</span> <span class='ocrx_word' id='word_1_313' title='bbox 1007 3440 1142 3495; x_wconf 83' lang='lat' dir='ltr'>Orientem</span> <span class='ocrx_word' id='word_1_314' title='bbox 1156 3459 1288 3496; x_wconf 81' lang='lat' dir='ltr'>reversum</span> <span class='ocrx_word' id='word_1_315' title='bbox 1301 3442 1415 3496; x_wconf 79' lang='lat' dir='ltr'>Amisiae</span> <span class='ocrx_word' id='word_1_316' title='bbox 1425 3442 1501 3511; x_wconf 76' lang='lat' dir='ltr'>(sici)</span> <span class='ocrx_word' id='word_1_317' title='bbox 1513 3442 1576 3496; x_wconf 94' lang='lat' dir='ltr'>ludo</span> <span class='ocrx_word' id='word_1_318' title='bbox 1590 3453 1680 3514; x_wconf 85' lang='lat' dir='ltr'>aperto</span> <span class='ocrx_word' id='word_1_319' title='bbox 1694 3443 1844 3498; x_wconf 83' lang='lat' dir='ltr'>aStrsbone</span> <span class='ocrx_word' id='word_1_320' title='bbox 1858 3443 1941 3498; x_wconf 84' lang='lat' dir='ltr'>audiri</span> 
     </span>
     <span class='ocr_line' id='line_1_29' title="bbox 361 3529 863 3588; baseline -0.01 0"><span class='ocrx_word' id='word_1_321' title='bbox 361 3534 431 3588; x_wconf 76' lang='lat' dir='ltr'>fecit</span> <span class='ocrx_word' id='word_1_322' title='bbox 469 3531 541 3584; x_wconf 91' lang='lat' dir='ltr'>ldem</span> <span class='ocrx_word' id='word_1_323' title='bbox 555 3531 680 3584; x_wconf 80' lang='lat' dir='ltr'>Kasterns</span> <span class='ocrx_word' id='word_1_324' title='bbox 693 3529 709 3583; x_wconf 90' lang='lat' dir='ltr'>L</span> <span class='ocrx_word' id='word_1_325' title='bbox 722 3529 740 3581; x_wconf 90' lang='lat' dir='ltr'>l.</span> <span class='ocrx_word' id='word_1_326' title='bbox 754 3529 863 3583; x_wconf 88' lang='lat' dir='ltr'>notavit.</span> 
     </span>
    </p>

    <p class='ocr_par' dir='ltr' id='par_1_7' title="bbox 360 3617 1942 3878">
     <span class='ocr_line' id='line_1_30' title="bbox 417 3617 1942 3693; baseline 0.003 -20"><span class='ocrx_word' id='word_1_327' title='bbox 417 3620 458 3691; x_wconf 87' lang='lat'>(²)</span> <span class='ocrx_word' id='word_1_328' title='bbox 479 3621 639 3674; x_wconf 82' lang='lat' dir='ltr'>Groiskurt&#39;s</span> <span class='ocrx_word' id='word_1_329' title='bbox 652 3621 725 3673; x_wconf 86' lang='lat' dir='ltr'>Vorr.</span> <span class='ocrx_word' id='word_1_330' title='bbox 743 3637 766 3672; x_wconf 79' lang='lat' dir='ltr'>n.</span> <span class='ocrx_word' id='word_1_331' title='bbox 784 3617 899 3674; x_wconf 83' lang='lat' dir='ltr'>Strabo&#39;s</span> <span class='ocrx_word' id='word_1_332' title='bbox 912 3621 1064 3674; x_wconf 88' lang='lat' dir='ltr'>Erdbeschr.</span> <span class='ocrx_word' id='word_1_333' title='bbox 1078 3618 1101 3692; x_wconf 70' lang='grc'>5.</span> <span class='ocrx_word' id='word_1_334' title='bbox 1113 3625 1136 3676; x_wconf 83' lang='grc'>3.</span> <span class='ocrx_word' id='word_1_335' title='bbox 1151 3625 1250 3693; x_wconf 73' lang='lat' dir='ltr'>pxltt.</span> <span class='ocrx_word' id='word_1_336' title='bbox 1281 3623 1460 3676; x_wconf 81' lang='lat' dir='ltr'>Vermuthlich</span> <span class='ocrx_word' id='word_1_337' title='bbox 1478 3623 1546 3676; x_wconf 88' lang='lat' dir='ltr'>hiieb</span> <span class='ocrx_word' id='word_1_338' title='bbox 1566 3643 1594 3676; x_wconf 89' lang='lat' dir='ltr'>er</span> <span class='ocrx_word' id='word_1_339' title='bbox 1613 3625 1664 3678; x_wconf 87' lang='lat' dir='ltr'>den</span> <span class='ocrx_word' id='word_1_340' title='bbox 1677 3625 1785 3679; x_wconf 90' lang='lat' dir='ltr'>Winter</span> <span class='ocrx_word' id='word_1_341' title='bbox 1801 3625 1865 3679; x_wconf 87' lang='lat' dir='ltr'>iiber</span> <span class='ocrx_word' id='word_1_342' title='bbox 1883 3624 1942 3678; x_wconf 86' lang='lat' dir='ltr'>dort</span> 
     </span>
     <span class='ocr_line' id='line_1_31' title="bbox 361 3711 1941 3787; baseline 0.001 -19"><span class='ocrx_word' id='word_1_343' title='bbox 361 3711 506 3783; x_wconf 77' lang='lat' dir='ltr'>(Kerinth),</span> <span class='ocrx_word' id='word_1_344' title='bbox 525 3731 568 3764; x_wconf 91' lang='lat' dir='ltr'>um</span> <span class='ocrx_word' id='word_1_345' title='bbox 582 3711 625 3764; x_wconf 89' lang='lat' dir='ltr'>die</span> <span class='ocrx_word' id='word_1_346' title='bbox 638 3711 714 3764; x_wconf 86' lang='lat' dir='ltr'>Stadt</span> <span class='ocrx_word' id='word_1_347' title='bbox 726 3711 779 3763; x_wconf 90' lang='lat' dir='ltr'>und</span> <span class='ocrx_word' id='word_1_348' title='bbox 792 3711 1005 3777; x_wconf 83' lang='lat' dir='ltr'>Nachbarschast,</span> <span class='ocrx_word' id='word_1_349' title='bbox 1023 3713 1178 3765; x_wconf 79' lang='lat' dir='ltr'>numentiich</span> <span class='ocrx_word' id='word_1_350' title='bbox 1192 3713 1258 3766; x_wconf 89' lang='lat' dir='ltr'>auch</span> <span class='ocrx_word' id='word_1_351' title='bbox 1274 3714 1358 3767; x_wconf 77' lang='lat' dir='ltr'>Athen</span> <span class='ocrx_word' id='word_1_352' title='bbox 1370 3714 1424 3767; x_wconf 91' lang='lat' dir='ltr'>und</span> <span class='ocrx_word' id='word_1_353' title='bbox 1440 3715 1535 3779; x_wconf 76' lang='lat' dir='ltr'>striks,</span> <span class='ocrx_word' id='word_1_354' title='bbox 1553 3713 1656 3768; x_wconf 83' lang='lat' dir='ltr'>keunen</span> <span class='ocrx_word' id='word_1_355' title='bbox 1670 3734 1703 3768; x_wconf 81' lang='lat' dir='ltr'>au</span> <span class='ocrx_word' id='word_1_356' title='bbox 1715 3713 1812 3780; x_wconf 86' lang='lat' dir='ltr'>lernen,</span> <span class='ocrx_word' id='word_1_357' title='bbox 1832 3715 1885 3768; x_wconf 91' lang='lat' dir='ltr'>und</span> <span class='ocrx_word' id='word_1_358' title='bbox 1897 3733 1941 3787; x_wconf 84' lang='lat' dir='ltr'>ge-</span> 
     </span>
     <span class='ocr_line' id='line_1_32' title="bbox 360 3801 1519 3878; baseline -0.001 -19"><span class='ocrx_word' id='word_1_359' title='bbox 360 3807 448 3878; x_wconf 85' lang='lat' dir='ltr'>langts</span> <span class='ocrx_word' id='word_1_360' title='bbox 462 3804 530 3855; x_wconf 87' lang='lat' dir='ltr'>daun</span> <span class='ocrx_word' id='word_1_361' title='bbox 543 3803 578 3854; x_wconf 90' lang='lat' dir='ltr'>im</span> <span class='ocrx_word' id='word_1_362' title='bbox 591 3801 718 3875; x_wconf 85' lang='lat' dir='ltr'>Friihjahr</span> <span class='ocrx_word' id='word_1_363' title='bbox 732 3802 785 3856; x_wconf 79' lang='lat'>725</span> <span class='ocrx_word' id='word_1_364' title='bbox 799 3803 866 3856; x_wconf 86' lang='lat' dir='ltr'>nach</span> <span class='ocrx_word' id='word_1_365' title='bbox 878 3803 954 3867; x_wconf 85' lang='lat' dir='ltr'>Rom,</span> <span class='ocrx_word' id='word_1_366' title='bbox 973 3823 1017 3856; x_wconf 89' lang='lat' dir='ltr'>wo</span> <span class='ocrx_word' id='word_1_367' title='bbox 1031 3822 1058 3856; x_wconf 88' lang='lat' dir='ltr'>er</span> <span class='ocrx_word' id='word_1_368' title='bbox 1071 3803 1124 3856; x_wconf 89' lang='lat' dir='ltr'>drei</span> <span class='ocrx_word' id='word_1_369' title='bbox 1140 3805 1203 3857; x_wconf 90' lang='lat' dir='ltr'>oder</span> <span class='ocrx_word' id='word_1_370' title='bbox 1215 3805 1271 3858; x_wconf 89' lang='lat' dir='ltr'>vier</span> <span class='ocrx_word' id='word_1_371' title='bbox 1283 3805 1362 3858; x_wconf 85' lang='lat' dir='ltr'>Jahre</span> <span class='ocrx_word' id='word_1_372' title='bbox 1375 3806 1519 3859; x_wconf 83' lang='lat' dir='ltr'>verwailte.</span> 
     </span>
    </p>

    <p class='ocr_par' dir='ltr' id='par_1_8' title="bbox 361 3891 1941 4059">
     <span class='ocr_line' id='line_1_33' title="bbox 416 3891 1941 3968; baseline 0.003 -23"><span class='ocrx_word' id='word_1_373' title='bbox 416 3891 457 3962; x_wconf 75' lang='lat'>(³)</span> <span class='ocrx_word' id='word_1_374' title='bbox 476 3896 514 3946; x_wconf 86' lang='lat' dir='ltr'>lta</span> <span class='ocrx_word' id='word_1_375' title='bbox 525 3895 579 3965; x_wconf 84' lang='lat' dir='ltr'>jam</span> <span class='ocrx_word' id='word_1_376' title='bbox 591 3892 775 3964; x_wconf 87' lang='lat' dir='ltr'>Bemhardyus</span> <span class='ocrx_word' id='word_1_377' title='bbox 788 3894 916 3966; x_wconf 81' lang='lat' dir='ltr'>corrigere</span> <span class='ocrx_word' id='word_1_378' title='bbox 929 3894 1021 3958; x_wconf 84' lang='lat' dir='ltr'>voluit,</span> <span class='ocrx_word' id='word_1_379' title='bbox 1040 3895 1110 3965; x_wconf 84' lang='lat' dir='ltr'>quod</span> <span class='ocrx_word' id='word_1_380' title='bbox 1123 3895 1157 3947; x_wconf 84' lang='lat' dir='ltr'>ad</span> <span class='ocrx_word' id='word_1_381' title='bbox 1170 3896 1311 3948; x_wconf 86' lang='lat' dir='ltr'>litterarum</span> <span class='ocrx_word' id='word_1_382' title='bbox 1325 3895 1430 3949; x_wconf 83' lang='lat' dir='ltr'>ductum</span> <span class='ocrx_word' id='word_1_383' title='bbox 1446 3895 1565 3968; x_wconf 85' lang='lat' dir='ltr'>proxime</span> <span class='ocrx_word' id='word_1_384' title='bbox 1578 3896 1727 3962; x_wconf 62' lang='lat' dir='ltr'>secederem</span> <span class='ocrx_word' id='word_1_385' title='bbox 1745 3897 1794 3952; x_wconf 86' lang='lat' dir='ltr'>sed</span> <span class='ocrx_word' id='word_1_386' title='bbox 1806 3915 1851 3950; x_wconf 87' lang='lat' dir='ltr'>our</span> <span class='ocrx_word' id='word_1_387' title='bbox 1862 3896 1941 3950; x_wconf 85' lang='lat' dir='ltr'>ratio-</span> 
     </span>
     <span class='ocr_line' id='line_1_34' title="bbox 361 3973 1288 4059; baseline -0.001 -18"><span class='ocrx_word' id='word_1_388' title='bbox 361 4006 408 4041; x_wconf 88' lang='lat' dir='ltr'>nes</span> <span class='ocrx_word' id='word_1_389' title='bbox 422 3997 565 4055; x_wconf 88' lang='lat' dir='ltr'>tempornm</span> <span class='ocrx_word' id='word_1_390' title='bbox 579 3984 733 4055; x_wconf 79' lang='lat' dir='ltr'>magiarum</span> <span class='ocrx_word' id='word_1_391' title='bbox 748 3973 800 4052; x_wconf 74' lang='lat' dir='ltr'>peu&#39;</span> <span class='ocrx_word' id='word_1_392' title='bbox 812 3985 968 4038; x_wconf 84' lang='lat' dir='ltr'>concordare</span> <span class='ocrx_word' id='word_1_393' title='bbox 983 3995 1085 4056; x_wconf 90' lang='lat' dir='ltr'>putaret</span> <span class='ocrx_word' id='word_1_394' title='bbox 1097 4005 1149 4039; x_wconf 88' lang='lat' dir='ltr'>non</span> <span class='ocrx_word' id='word_1_395' title='bbox 1163 3986 1288 4059; x_wconf 84' lang='lat' dir='ltr'>adjunxit.</span> 
     </span>
    </p>

    <p class='ocr_par' dir='ltr' id='par_1_9' title="bbox 362 4066 1940 4240">
     <span class='ocr_line' id='line_1_35' title="bbox 417 4066 1940 4150; baseline 0.004 -24"><span class='ocrx_word' id='word_1_396' title='bbox 417 4075 458 4145; x_wconf 82' lang='lat'>(⁴)</span> <span class='ocrx_word' id='word_1_397' title='bbox 477 4077 515 4127; x_wconf 84' lang='lat' dir='ltr'>Ita</span> <span class='ocrx_word' id='word_1_398' title='bbox 528 4074 607 4144; x_wconf 83' lang='lat' dir='ltr'>vulgo</span> <span class='ocrx_word' id='word_1_399' title='bbox 621 4075 720 4145; x_wconf 86' lang='lat' dir='ltr'>iegitur.</span> <span class='ocrx_word' id='word_1_400' title='bbox 754 4075 837 4129; x_wconf 91' lang='lat' dir='ltr'>Codd.</span> <span class='ocrx_word' id='word_1_401' title='bbox 851 4074 914 4128; x_wconf 80' lang='lat' dir='ltr'>dant</span> <span class='ocrx_word' id='word_1_402' title='bbox 926 4067 978 4144; x_wconf 78' lang='grc' dir='ltr'>β’β’</span> <span class='ocrx_word' id='word_1_403' title='bbox 994 4066 1057 4146; x_wconf 61' lang='lat' dir='ltr'>apd:</span> <span class='ocrx_word' id='word_1_404' title='bbox 1074 4087 1091 4143; x_wconf 74' lang='grc' dir='ltr'>ἡ·</span> <span class='ocrx_word' id='word_1_405' title='bbox 1109 4073 1151 4129; x_wconf 77' lang='lat' dir='ltr'>ssi</span> <span class='ocrx_word' id='word_1_406' title='bbox 1170 4067 1200 4146; x_wconf 82' lang='grc' dir='ltr'>ξ’.</span> <span class='ocrx_word' id='word_1_407' title='bbox 1237 4076 1407 4150; x_wconf 85' lang='lat' dir='ltr'>Bernhardyo</span> <span class='ocrx_word' id='word_1_408' title='bbox 1421 4077 1457 4146; x_wconf 90' lang='lat' dir='ltr'>(a.</span> <span class='ocrx_word' id='word_1_409' title='bbox 1471 4077 1500 4146; x_wconf 89' lang='lat' dir='ltr'>i.)</span> <span class='ocrx_word' id='word_1_410' title='bbox 1517 4077 1629 4150; x_wconf 80' lang='lat' dir='ltr'>vestigia</span> <span class='ocrx_word' id='word_1_411' title='bbox 1642 4078 1767 4132; x_wconf 82' lang='lat' dir='ltr'>Librorum</span> <span class='ocrx_word' id='word_1_412' title='bbox 1779 4078 1889 4132; x_wconf 88' lang='lat' dir='ltr'>suadere</span> <span class='ocrx_word' id='word_1_413' title='bbox 1902 4079 1940 4134; x_wconf 87' lang='lat' dir='ltr'>vi-</span> 
     </span>
     <span class='ocr_line' id='line_1_36' title="bbox 362 4154 1329 4240; baseline -0.003 -18"><span class='ocrx_word' id='word_1_414' title='bbox 362 4169 455 4222; x_wconf 88' lang='lat' dir='ltr'>dentur</span> <span class='ocrx_word' id='word_1_415' title='bbox 468 4156 552 4218; x_wconf 74' lang='lat' dir='ltr'>iacrdv</span> <span class='ocrx_word' id='word_1_416' title='bbox 564 4159 606 4216; x_wconf 75' lang='lat' dir='ltr'>arri</span> <span class='ocrx_word' id='word_1_417' title='bbox 619 4154 650 4232; x_wconf 79' lang='grc' dir='ltr'>ξ’.</span> <span class='ocrx_word' id='word_1_418' title='bbox 688 4164 741 4218; x_wconf 86' lang='lat' dir='ltr'>Sed</span> <span class='ocrx_word' id='word_1_419' title='bbox 754 4164 828 4218; x_wconf 87' lang='lat' dir='ltr'>iocus</span> <span class='ocrx_word' id='word_1_420' title='bbox 841 4167 898 4219; x_wconf 83' lang='lat' dir='ltr'>sola</span> <span class='ocrx_word' id='word_1_421' title='bbox 910 4171 1058 4240; x_wconf 78' lang='lat' dir='ltr'>conjectura</span> <span class='ocrx_word' id='word_1_422' title='bbox 1071 4168 1157 4220; x_wconf 87' lang='lat' dir='ltr'>sanari</span> <span class='ocrx_word' id='word_1_423' title='bbox 1169 4187 1222 4221; x_wconf 88' lang='lat' dir='ltr'>uon</span> <span class='ocrx_word' id='word_1_424' title='bbox 1236 4169 1329 4240; x_wconf 82' lang='lat' dir='ltr'>possit.</span> 
     </span>
    </p>

    <p class='ocr_par' dir='ltr' id='par_1_10' title="bbox 360 4256 1942 4694">
     <span class='ocr_line' id='line_1_37' title="bbox 417 4256 1942 4335; baseline 0.005 -23"><span class='ocrx_word' id='word_1_425' title='bbox 417 4258 458 4330; x_wconf 81' lang='lat'>(⁵)</span> <span class='ocrx_word' id='word_1_426' title='bbox 477 4259 564 4312; x_wconf 87' lang='lat' dir='ltr'>Lehrs.</span> <span class='ocrx_word' id='word_1_427' title='bbox 579 4258 720 4312; x_wconf 84' lang='lat' dir='ltr'>Herodiaui</span> <span class='ocrx_word' id='word_1_428' title='bbox 734 4260 830 4331; x_wconf 88' lang='lat' dir='ltr'>scripta</span> <span class='ocrx_word' id='word_1_429' title='bbox 843 4261 892 4314; x_wconf 88' lang='lat' dir='ltr'>tria</span> <span class='ocrx_word' id='word_1_430' title='bbox 904 4262 1082 4316; x_wconf 81' lang='lat' dir='ltr'>emendatiora</span> <span class='ocrx_word' id='word_1_431' title='bbox 1095 4256 1192 4332; x_wconf 70' lang='lat' dir='ltr'>piro.</span> <span class='ocrx_word' id='word_1_432' title='bbox 1233 4263 1291 4316; x_wconf 80' lang='lat' dir='ltr'>hire</span> <span class='ocrx_word' id='word_1_433' title='bbox 1304 4263 1498 4317; x_wconf 84' lang='lat' dir='ltr'>Grammatiker</span> <span class='ocrx_word' id='word_1_434' title='bbox 1509 4263 1645 4317; x_wconf 81' lang='lat' dir='ltr'>achriehen</span> <span class='ocrx_word' id='word_1_435' title='bbox 1662 4264 1718 4335; x_wconf 73' lang='lat' dir='ltr'>erpi</span> <span class='ocrx_word' id='word_1_436' title='bbox 1737 4265 1860 4335; x_wconf 74' lang='grc' dir='ltr'>μερισμοῦ</span> <span class='ocrx_word' id='word_1_437' title='bbox 1879 4264 1942 4319; x_wconf 85' lang='lat' dir='ltr'>oder</span> 
     </span>
     <span class='ocr_line' id='line_1_38' title="bbox 360 4341 1942 4426; baseline 0.003 -21"><span class='ocrx_word' id='word_1_438' title='bbox 360 4348 417 4424; x_wconf 73' lang='lat' dir='ltr'>arpi</span> <span class='ocrx_word' id='word_1_439' title='bbox 437 4351 561 4422; x_wconf 77' lang='grc' dir='ltr'><strong>μιρισμοῦ</strong></span> <span class='ocrx_word' id='word_1_440' title='bbox 578 4351 625 4404; x_wconf 68' lang='lat' dir='ltr'>cdv</span> <span class='ocrx_word' id='word_1_441' title='bbox 642 4349 687 4402; x_wconf 80' lang='grc' dir='ltr'>τοῦ</span> <span class='ocrx_word' id='word_1_442' title='bbox 704 4341 782 4420; x_wconf 73' lang='grc' dir='ltr'><strong>λα’γον</strong></span> <span class='ocrx_word' id='word_1_443' title='bbox 801 4351 883 4420; x_wconf 64' lang='lat' dir='ltr'>paeda.</span> <span class='ocrx_word' id='word_1_444' title='bbox 921 4353 957 4406; x_wconf 83' lang='lat' dir='ltr'>So</span> <span class='ocrx_word' id='word_1_445' title='bbox 977 4353 1131 4424; x_wconf 78' lang='lat' dir='ltr'>Apollonius</span> <span class='ocrx_word' id='word_1_446' title='bbox 1144 4353 1278 4426; x_wconf 85' lang='lat' dir='ltr'>Dyscoius</span> <span class='ocrx_word' id='word_1_447' title='bbox 1296 4353 1353 4406; x_wconf 87' lang='lat' dir='ltr'>viar</span> <span class='ocrx_word' id='word_1_448' title='bbox 1369 4355 1472 4410; x_wconf 89' lang='lat' dir='ltr'>Biicher</span> <span class='ocrx_word' id='word_1_449' title='bbox 1488 4355 1554 4408; x_wconf 87' lang='lat' dir='ltr'>nach</span> <span class='ocrx_word' id='word_1_450' title='bbox 1573 4355 1677 4421; x_wconf 81' lang='lat' dir='ltr'>Snidaa,</span> <span class='ocrx_word' id='word_1_451' title='bbox 1695 4356 1749 4409; x_wconf 88' lang='lat' dir='ltr'>und</span> <span class='ocrx_word' id='word_1_452' title='bbox 1765 4375 1812 4410; x_wconf 90' lang='lat' dir='ltr'>vor</span> <span class='ocrx_word' id='word_1_453' title='bbox 1829 4356 1883 4410; x_wconf 89' lang='lat' dir='ltr'>ihm</span> <span class='ocrx_word' id='word_1_454' title='bbox 1896 4357 1942 4410; x_wconf 86' lang='lat' dir='ltr'>der</span> 
     </span>
     <span class='ocr_line' id='line_1_39' title="bbox 362 4441 1941 4520; baseline 0.003 -22"><span class='ocrx_word' id='word_1_455' title='bbox 362 4445 442 4498; x_wconf 81' lang='lat' dir='ltr'>iiltere</span> <span class='ocrx_word' id='word_1_456' title='bbox 456 4441 598 4514; x_wconf 87' lang='lat' dir='ltr'>Tyrannio,</span> <span class='ocrx_word' id='word_1_457' title='bbox 617 4461 696 4494; x_wconf 83' lang='lat' dir='ltr'>woau</span> <span class='ocrx_word' id='word_1_458' title='bbox 711 4441 756 4494; x_wconf 86' lang='lat' dir='ltr'>der</span> <span class='ocrx_word' id='word_1_459' title='bbox 766 4443 872 4514; x_wconf 82' lang='lat' dir='ltr'>jiingare</span> <span class='ocrx_word' id='word_1_460' title='bbox 886 4443 1020 4514; x_wconf 88' lang='lat' dir='ltr'>Tyrannio</span> <span class='ocrx_word' id='word_1_461' title='bbox 1035 4443 1111 4496; x_wconf 86' lang='lat' dir='ltr'>einen</span> <span class='ocrx_word' id='word_1_462' title='bbox 1126 4445 1298 4498; x_wconf 83' lang='lat' dir='ltr'>commentar.</span> <span class='ocrx_word' id='word_1_463' title='bbox 1324 4445 1358 4498; x_wconf 84' lang='lat' dir='ltr'>ci.</span> <span class='ocrx_word' id='word_1_464' title='bbox 1374 4444 1450 4498; x_wconf 88' lang='lat' dir='ltr'>Stuhr</span> <span class='ocrx_word' id='word_1_465' title='bbox 1462 4446 1480 4499; x_wconf 93' lang='lat' dir='ltr'>l.</span> <span class='ocrx_word' id='word_1_466' title='bbox 1494 4446 1511 4498; x_wconf 90' lang='lat' dir='ltr'>l.</span> <span class='ocrx_word' id='word_1_467' title='bbox 1525 4466 1548 4518; x_wconf 92' lang='lat' dir='ltr'>p.</span> <span class='ocrx_word' id='word_1_468' title='bbox 1562 4441 1621 4498; x_wconf 81' lang='lat'>126.</span> <span class='ocrx_word' id='word_1_469' title='bbox 1635 4465 1661 4500; x_wconf 88' lang='lat' dir='ltr'>rr.</span> <span class='ocrx_word' id='word_1_470' title='bbox 1673 4451 1697 4502; x_wconf 87' lang='lat'>1.</span> <span class='ocrx_word' id='word_1_471' title='bbox 1731 4447 1889 4520; x_wconf 77' lang='lat' dir='ltr'>Corrigenda</span> <span class='ocrx_word' id='word_1_472' title='bbox 1901 4449 1941 4504; x_wconf 84' lang='lat' dir='ltr'>vi·</span> 
     </span>
     <span class='ocr_line' id='line_1_40' title="bbox 362 4527 1941 4607; baseline 0.004 -20"><span class='ocrx_word' id='word_1_473' title='bbox 362 4535 463 4596; x_wconf 87' lang='lat' dir='ltr'>dentur,</span> <span class='ocrx_word' id='word_1_474' title='bbox 485 4549 551 4603; x_wconf 87' lang='lat' dir='ltr'>quae</span> <span class='ocrx_word' id='word_1_475' title='bbox 565 4532 739 4586; x_wconf 82' lang='lat' dir='ltr'>Graeienhan·</span> <span class='ocrx_word' id='word_1_476' title='bbox 754 4532 771 4585; x_wconf 92' lang='lat' dir='ltr'>l.</span> <span class='ocrx_word' id='word_1_477' title='bbox 784 4532 800 4585; x_wconf 94' lang='lat' dir='ltr'>l.</span> <span class='ocrx_word' id='word_1_478' title='bbox 821 4535 840 4597; x_wconf 90' lang='lat' dir='ltr'>l,</span> <span class='ocrx_word' id='word_1_479' title='bbox 858 4528 942 4604; x_wconf 70' lang='lat' dir='ltr'>pios</span> <span class='ocrx_word' id='word_1_480' title='bbox 957 4551 983 4586; x_wconf 87' lang='lat' dir='ltr'>u.</span> <span class='ocrx_word' id='word_1_481' title='bbox 999 4527 1054 4592; x_wconf 81' lang='lat' dir='ltr'>t69</span> <span class='ocrx_word' id='word_1_482' title='bbox 1068 4544 1094 4587; x_wconf 87' lang='lat' dir='ltr'>et</span> <span class='ocrx_word' id='word_1_483' title='bbox 1107 4534 1207 4587; x_wconf 87' lang='lat' dir='ltr'>Lerseh.</span> <span class='ocrx_word' id='word_1_484' title='bbox 1221 4534 1237 4588; x_wconf 89' lang='lat' dir='ltr'>l.</span> <span class='ocrx_word' id='word_1_485' title='bbox 1247 4535 1264 4588; x_wconf 91' lang='lat' dir='ltr'>l.</span> <span class='ocrx_word' id='word_1_486' title='bbox 1278 4537 1310 4601; x_wconf 87' lang='grc' dir='ltr'>ΙΙ,</span> <span class='ocrx_word' id='word_1_487' title='bbox 1324 4539 1392 4607; x_wconf 72' lang='lat' dir='ltr'>pes</span> <span class='ocrx_word' id='word_1_488' title='bbox 1406 4535 1527 4590; x_wconf 76' lang='lat' dir='ltr'>afferunt.</span> <span class='ocrx_word' id='word_1_489' title='bbox 1561 4537 1611 4590; x_wconf 81' lang='lat' dir='ltr'>liic</span> <span class='ocrx_word' id='word_1_490' title='bbox 1624 4537 1669 4591; x_wconf 83' lang='lat' dir='ltr'>vri</span> <span class='ocrx_word' id='word_1_491' title='bbox 1680 4555 1698 4591; x_wconf 86' lang='lat' dir='ltr'>s</span> <span class='ocrx_word' id='word_1_492' title='bbox 1709 4557 1738 4591; x_wconf 91' lang='lat' dir='ltr'>se</span> <span class='ocrx_word' id='word_1_493' title='bbox 1751 4539 1888 4594; x_wconf 84' lang='lat' dir='ltr'>dissentire</span> <span class='ocrx_word' id='word_1_494' title='bbox 1900 4541 1941 4594; x_wconf 87' lang='lat' dir='ltr'>vi-</span> 
     </span>
     <span class='ocr_line' id='line_1_41' title="bbox 362 4621 1000 4694; baseline -0.002 -16"><span class='ocrx_word' id='word_1_495' title='bbox 362 4625 450 4688; x_wconf 62' lang='lat' dir='ltr'>detum</span> <span class='ocrx_word' id='word_1_496' title='bbox 469 4623 501 4676; x_wconf 89' lang='lat' dir='ltr'>ib.</span> <span class='ocrx_word' id='word_1_497' title='bbox 517 4641 541 4693; x_wconf 93' lang='lat' dir='ltr'>p.</span> <span class='ocrx_word' id='word_1_498' title='bbox 549 4621 610 4686; x_wconf 82' lang='lat'>265,</span> <span class='ocrx_word' id='word_1_499' title='bbox 631 4624 674 4686; x_wconf 88' lang='lat' dir='ltr'>lii,</span> <span class='ocrx_word' id='word_1_500' title='bbox 688 4642 714 4694; x_wconf 93' lang='lat' dir='ltr'>p.</span> <span class='ocrx_word' id='word_1_501' title='bbox 722 4627 766 4676; x_wconf 76' lang='lat'>83.</span> <span class='ocrx_word' id='word_1_502' title='bbox 781 4624 814 4676; x_wconf 84' lang='lat' dir='ltr'>ci.</span> <span class='ocrx_word' id='word_1_503' title='bbox 828 4623 940 4676; x_wconf 89' lang='lat' dir='ltr'>Schoell.</span> <span class='ocrx_word' id='word_1_504' title='bbox 955 4624 1000 4678; x_wconf 90' lang='lat' dir='ltr'>Ll.</span> 
     </span>
    </p>
   </div>
   <div class='ocr_carea' id='block_1_6' title="bbox 360 4711 1943 4879">
    <p class='ocr_par' dir='ltr' id='par_1_11' title="bbox 360 4711 1943 4879">
     <span class='ocr_line' id='line_1_42' title="bbox 416 4711 1943 4792; baseline 0.005 -24"><span class='ocrx_word' id='word_1_505' title='bbox 416 4711 458 4783; x_wconf 85' lang='lat'>(⁶)</span> <span class='ocrx_word' id='word_1_506' title='bbox 477 4711 751 4778; x_wconf 66' lang='lat' dir='ltr'>cisrenanis.</span> <span class='ocrx_word' id='word_1_507' title='bbox 785 4714 858 4767; x_wconf 83' lang='lat' dir='ltr'>Scire</span> <span class='ocrx_word' id='word_1_508' title='bbox 871 4715 940 4768; x_wconf 87' lang='lat' dir='ltr'>enim</span> <span class='ocrx_word' id='word_1_509' title='bbox 953 4715 1002 4779; x_wconf 86' lang='lat' dir='ltr'>vis,</span> <span class='ocrx_word' id='word_1_510' title='bbox 1022 4733 1074 4787; x_wconf 85' lang='lat' dir='ltr'>quo</span> <span class='ocrx_word' id='word_1_511' title='bbox 1092 4733 1145 4769; x_wconf 86' lang='lat' dir='ltr'>uno</span> <span class='ocrx_word' id='word_1_512' title='bbox 1167 4716 1268 4770; x_wconf 89' lang='lat' dir='ltr'>animus</span> <span class='ocrx_word' id='word_1_513' title='bbox 1290 4717 1379 4783; x_wconf 68' lang='lat' dir='ltr'>alitum</span> <span class='ocrx_word' id='word_1_514' title='bbox 1403 4717 1458 4781; x_wconf 80' lang='lat' dir='ltr'>aed,</span> <span class='ocrx_word' id='word_1_515' title='bbox 1480 4736 1585 4790; x_wconf 87' lang='lat' dir='ltr'>quaero,</span> <span class='ocrx_word' id='word_1_516' title='bbox 1608 4720 1671 4792; x_wconf 83' lang='lat' dir='ltr'>quid</span> <span class='ocrx_word' id='word_1_517' title='bbox 1692 4739 1726 4774; x_wconf 87' lang='lat' dir='ltr'>ex</span> <span class='ocrx_word' id='word_1_518' title='bbox 1748 4721 1798 4775; x_wconf 81' lang='lat' dir='ltr'>ieta</span> <span class='ocrx_word' id='word_1_519' title='bbox 1818 4732 1895 4776; x_wconf 83' lang='lat' dir='ltr'>acuta</span> <span class='ocrx_word' id='word_1_520' title='bbox 1916 4733 1943 4777; x_wconf 84' lang='lat' dir='ltr'>er</span> 
     </span>
     <span class='ocr_line' id='line_1_43' title="bbox 360 4802 1075 4879; baseline -0.014 -21"><span class='ocrx_word' id='word_1_521' title='bbox 360 4805 432 4879; x_wconf 80' lang='lat' dir='ltr'>gravi</span> <span class='ocrx_word' id='word_1_522' title='bbox 447 4805 554 4857; x_wconf 77' lang='lat' dir='ltr'>refertur</span> <span class='ocrx_word' id='word_1_523' title='bbox 566 4803 598 4855; x_wconf 88' lang='lat' dir='ltr'>ad</span> <span class='ocrx_word' id='word_1_524' title='bbox 611 4802 692 4863; x_wconf 72' lang='lat' dir='ltr'>sihor.</span> <span class='ocrx_word' id='word_1_525' title='bbox 1073 4843 1075 4848; x_wconf 93' lang='lat'>.</span> 
     </span>
    </p>
   </div>
   <div class='ocr_carea' id='block_1_7' title="bbox 415 4891 1941 4968">
    <p class='ocr_par' dir='ltr' id='par_1_12' title="bbox 415 4891 1941 4968">
     <span class='ocr_line' id='line_1_44' title="bbox 415 4891 1941 4968; baseline 0.006 -20"><span class='ocrx_word' id='word_1_526' title='bbox 415 4891 456 4964; x_wconf 79' lang='lat'>(&#39;)</span> <span class='ocrx_word' id='word_1_527' title='bbox 474 4897 615 4948; x_wconf 86' lang='lat' dir='ltr'>Drumsna.</span> <span class='ocrx_word' id='word_1_528' title='bbox 629 4895 645 4948; x_wconf 95' lang='lat' dir='ltr'>l.</span> <span class='ocrx_word' id='word_1_529' title='bbox 657 4895 674 4950; x_wconf 89' lang='lat' dir='ltr'>L</span> <span class='ocrx_word' id='word_1_530' title='bbox 687 4915 712 4968; x_wconf 92' lang='lat' dir='ltr'>p.</span> <span class='ocrx_word' id='word_1_531' title='bbox 722 4897 764 4950; x_wconf 83' lang='grc'>85.</span> <span class='ocrx_word' id='word_1_532' title='bbox 797 4894 898 4949; x_wconf 80' lang='lat' dir='ltr'>hndere</span> <span class='ocrx_word' id='word_1_533' title='bbox 915 4895 1049 4950; x_wconf 85' lang='lat' dir='ltr'>schickten</span> <span class='ocrx_word' id='word_1_534' title='bbox 1067 4897 1121 4950; x_wconf 88' lang='lat' dir='ltr'>ihm</span> <span class='ocrx_word' id='word_1_535' title='bbox 1138 4897 1194 4953; x_wconf 89' lang='lat' dir='ltr'>ihre</span> <span class='ocrx_word' id='word_1_536' title='bbox 1208 4898 1343 4967; x_wconf 82' lang='lat' dir='ltr'>hrheiten;</span> <span class='ocrx_word' id='word_1_537' title='bbox 1362 4899 1439 4954; x_wconf 85' lang='lat' dir='ltr'>keiue</span> <span class='ocrx_word' id='word_1_538' title='bbox 1458 4919 1514 4954; x_wconf 89' lang='lat' dir='ltr'>war</span> <span class='ocrx_word' id='word_1_539' title='bbox 1531 4899 1585 4954; x_wconf 88' lang='lat' dir='ltr'>ihm</span> <span class='ocrx_word' id='word_1_540' title='bbox 1603 4901 1819 4967; x_wconf 83' lang='lat' dir='ltr'>vvillkommener,</span> <span class='ocrx_word' id='word_1_541' title='bbox 1839 4902 1879 4955; x_wconf 86' lang='lat' dir='ltr'>als</span> <span class='ocrx_word' id='word_1_542' title='bbox 1898 4902 1941 4957; x_wconf 92' lang='lat' dir='ltr'>die</span> 
     </span>
    </p>
   </div>
   <div class='ocr_carea' id='block_1_8' title="bbox 0 0 2430 5908">
    <p class='ocr_par' dir='ltr' id='par_1_13' title="bbox 0 0 2430 5908">
     <span class='ocr_line' id='line_1_45' title="bbox 0 0 2430 5908; baseline 0 0"><span class='ocrx_word' id='word_1_543' title='bbox 0 0 2430 5908; x_wconf 95' lang='lat' dir='ltr'> </span> 
     </span>
    </p>
   </div>
  </div>
 </body>
</html>
