4846 5908
1201 363 1249 432 96

585 623 727 691 Caussae
751 622 969 709 Tyrannionis
993 639 1091 705 quum
1114 639 1180 682 non
1204 617 1386 696 sileremus,
1409 621 1482 682 usui
1506 617 1652 682 standum
1676 621 1750 698 erit,
1786 621 1840 704 qui
1864 627 2016 704 quantum

427 755 493 802 tros
517 738 635 800 scimus
655 721 696 802 δα
719 743 845 820 praeter
867 735 899 795 in
921 727 998 804 iada
1021 741 1053 794 et
1076 727 1195 816 ἔφησθα
1217 751 1374 813 nusquam
1397 732 1457 792 nisi
1473 733 1505 793 in
1521 733 1732 813 conjunctivis
1749 739 1780 794 ct
1795 733 1941 816 optativis
1957 751 2018 816 pro

432 846 558 934 syllaba
581 849 770 931 paragogica
794 843 924 907 admisit.
972 839 1022 906 Cl.
1047 839 1167 906 Goettl.
1192 839 1292 904 doctr.
1316 862 1380 904 acc.
1403 841 1502 925 pil.
1549 841 1663 906 Arcad.
1687 817 1728 906 de
1752 863 1817 906 acc.
1839 865 1871 927 p.
1891 843 1964 907 168.

476 931 480 942 ι
583 957 717 1020 XLVll.
763 953 868 1018 Schol.
892 952 961 1016 LV.
985 951 1021 1015 ll.
1044 951 1085 1030 X,
1103 953 1178 1020 347.
1221 949 1304 1018 κατοδ
1323 945 1469 1024 συστολδν
1489 947 1523 1017 τδ
1549 951 1639 1038 κρία
1659 948 1822 1038 οὶνεγνιίσδη
1850 951 1940 1040 ὥςπερ
1969 947 2022 1020 καί

433 1064 676 1158 ε’ντῇσυνηθείορ.
712 1063 822 1130 ἐκτείνει
843 1061 874 1129 δὲ
895 1066 908 1129 i
931 1057 1100 1147 Τυραννίων.
1130 1063 1203 1128 ἀλλ’
1221 1059 1358 1128 οὐδέποτε
1382 1067 1394 1128 δ
1418 1057 1534 1137 anrufle
1554 1061 1626 1149 κρεά
1649 1060 1733 1128 εἶπεν.

586 1178 787 1262 Tyrannioni
812 1173 965 1238 adversor
988 1173 1181 1238 Buttmanno
1205 1183 1336 1236 auctore
1359 1177 1392 1236 in
1415 1195 1539 1259 gramm.
1563 1173 1655 1260 ampl.
1679 1174 1709 1253 l,
1732 1173 1761 1260 ἓ.
1779 1172 1830 1252 54,
1854 1195 1885 1238 u.
1900 1175 1932 1238 3.

584 1286 733 1350 XLVlll.
779 1285 888 1350 Schol.
913 1282 978 1350 Od.
1006 1293 1039 1362 Α,
1065 1282 1137 1354 lli.
1176 1276 1210 1349 τδ
1235 1281 1315 1350 εἰδῶ
1345 1281 1505 1370 Τυραννίων
1533 1281 1589 1372 μὲν
1615 1283 1745 1372 βαρύνει,
1766 1283 1963 1373 Ἀρίσταρχος
1989 1280 2021 1351 dl

431 1397 570 1486 περισπᾷ,
593 1393 616 1486 ᾧ
636 1393 688 1464 καί
707 1396 844 1463 πειστέον.

585 1509 680 1574 Ηυιιο
702 1519 866 1573 accentum
890 1505 1038 1591 praetulit
1062 1503 1151 1590 quod
1176 1499 1239 1571 εἴδω
1261 1506 1394 1590 perlecti
1417 1509 1656 1594 conjunctivum
1679 1506 1833 1594 judicavit
1856 1528 1935 1586 esse,
1964 1509 2019 1592 qui

432 1623 680 1685 contractionem
704 1623 833 1705 respuit.
883 1618 988 1703 Quam
1013 1619 1200 1681 senteutiam
1228 1627 1263 1680 ut
1291 1615 1458 1704 adoptaret
1481 1618 1638 1683 adductus
1669 1618 1815 1684 videatur
1846 1618 1948 1684 tribus
1979 1617 2020 1682 de

432 1733 561 1794 caussis.
607 1731 688 1794 Nam
712 1741 744 1795 et
766 1731 937 1794 formarum
960 1725 1033 1806 εἰδῶ,
1057 1723 1152 1801 εἰδείην
1175 1737 1235 1791 etc.
1264 1731 1355 1793 notio
1380 1740 1411 1794 et
1433 1733 1592 1815 participii
1615 1727 1694 1802 είδιίς
1721 1732 1822 1796 lorma
1852 1730 2018 1794 manifesto

432 1839 474 1906 ad
497 1838 567 1907 sida
589 1845 756 1928 pertinent.
804 1842 886 1904 Tum
916 1861 954 1904 ea
984 1841 1148 1924 potissima
1178 1839 1252 1902 milri
1280 1838 1407 1904 videtur
1428 1840 1526 1906 luisse
1558 1863 1669 1906 caussa
1700 1851 1792 1906 tenor
1824 1842 2019 1926 conjunctivi

432 1949 543 2040 εἴδομεν
568 1973 604 2016 ex
627 1949 691 2018 είδω
714 1973 781 2016 non
804 1951 868 2018 είδῶ
891 1948 1106 2015 deducendus.
1145 1947 1195 2014 Ci.
1214 1949 1329 2014 Buttm.
1345 1971 1470 2036 gramm.
1487 1951 1580 2038 ampl.
1596 1952 1620 2032 1,
1643 1975 1674 2037 p.
1692 1953 1757 2017 550
1771 1973 1801 2016 n.
1839 1953 1914 2016 Lex.
1931 1948 2017 2018 Gud.

432 2085 456 2128 s.
478 2083 508 2128 v.
532 2061 606 2130 οἶδα.
646 2063 755 2148 Quum
777 2085 856 2128 vern
882 2061 969 2148 apud
990 2059 1192 2124 Aristotelem
1215 2063 1248 2124 in
1270 2065 1490 2148 manuscriptis
1513 2084 1609 2149 saepe
1632 2059 1696 2130 είδο
1724 2083 1785 2148 pro
1810 2060 1873 2128 ιε’δῶ
1895 2061 2018 2148 legatur

432 2172 567 2256 (Goettl.
592 2173 692 2239 doctr.
717 2197 782 2239 acc.
805 2197 838 2259 p.
855 2177 912 2255 79>
936 2174 1174 2258 Tyrannionem
1198 2193 1350 2256 praesens
1374 2169 1438 2240 είδω
1466 2173 1610 2238 eilecisse
1637 2182 1752 2259 putare
1779 2173 1897 2253 malim,
1927 2192 2019 2258 prae-

432 2289 539 2350 sertim
563 2307 662 2371 quum
685 2295 716 2348 et
739 2287 937 2371 posteriores
960 2285 1150 2369 grammatici
1173 2281 1255 2346 hanc
1283 2283 1416 2349 formam
1444 2283 1590 2349 finxerint
1619 2286 1674 2366 (cf.
1698 2283 1839 2350 Cramer.
1862 2285 1922 2348 An.
1946 2283 2017 2346 Par.

432 2397 652 2481 111,p.30,9
677 2393 787 2478 εἴδετε).
824 2392 909 2478 Ὅρα
932 2389 963 2459 dl
989 2390 1022 2458 τδ
1041 2390 1127 2458 εἴδετε
1146 2391 1255 2477 >gadono
1279 2382 1306 2458 δν
1327 2393 1477 2465 ἐνεστῶτος
1503 2388 1632 2478 χρηστδν
1650 2389 1785 2482 Ὀμεζρορ.
1816 2393 1861 2474 ίςι
1887 2390 1918 2461 δδ
1943 2386 2019 2460 adad

434 2503 487 2574 καὶ
506 2507 617 2595 πρῶτον
632 2502 784 2595 πρίσωτον
804 2499 889 2593 παροδ
909 2503 952 2592 τῷ
971 2503 1072 2595 ποιητῇ
1093 2503 1142 2585 (ll.
1169 2507 1196 2582 1,
1211 2505 1292 2580 363;
1320 2505 1359 2570 cl.
1381 2503 1429 2569 lb.
1452 2507 1575 2591 past,
1594 2507 1644 2586 15,
1667 2527 1698 2590 p.
1713 2507 1789 2584 351,
1806 2503 1862 2585 24)
1886 2525 1946 2568 nec
1961 2501 2018 2566 de-

434 2621 495 2684 sint
522 2621 653 2705 vestigia
682 2616 723 2682 ab
746 2616 929 2682 Aristarcho
953 2625 1119 2680 accentum
1149 2635 1220 2679 esse
1248 2624 1411 2680 mutatum.
1449 2616 1489 2681 cl.
1512 2615 1619 2682 Schol.
1635 2617 1718 2680 Ven.
1742 2615 1778 2680 ll.
1800 2625 1837 2694 Z,
1857 2617 1920 2680 150
1941 2612 2019 2700 Ἀρί·

435 2755 569 2816 σταρχες
587 2729 717 2818 περισπᾷ
736 2725 811 2820 είδῇς
830 2723 882 2794 καὶ
901 2723 991 2799 οὕτως
1007 2719 1200 2812 ἒπεκροίτησεν
1229 2728 1247 2800 si
1267 2723 1432 2813 προσῳδία“
1456 2721 1489 2802 ἦν
1510 2721 1570 2813 γοίρ
1590 2721 1642 2793 καδ
1660 2725 1751 2811 λίγον
1770 2721 1899 2810 ἔχουσα.
1927 2725 2017 2790 Euat.

433 2841 467 2906 ll.
491 2865 522 2929 p.
542 2845 615 2921 118,
632 2841 684 2912 27.
729 2839 855 2906 Kaisariou
877 2834 908 2905 δδ
932 2836 1029 2916 ι’στίον,
1048 2840 1086 2908 ὡς
1105 2836 1172 2923 παρ’
1183 2839 1254 2920 ἡμῖν
1271 2832 1327 2920 μὲν
1345 2829 1377 2903 τδ
1396 2833 1515 2922 εἴδωμεν
1536 2831 1582 2903 ε’πδ
1604 2835 1754 2908 ἐνεστῶτος
1771 2833 1924 2906 παντελῶς
1943 2827 2017 2899 ε’στδν

434 2944 594 3037 οἶχρηστον,
618 2944 704 3041 παροδ
721 2948 758 3017 δέ
771 2976 808 3036 γε
826 2951 869 3038 τῷ
886 2948 989 3041 ποιητῇ
1008 2945 1179 3032 πολλαχοῦ
1203 2947 1417 3034 &mussas
1447 2945 1536 3014 κλίνει
1559 2943 1619 3035 γοδρ
1643 2941 1717 3013 arira*
1735 2948 1773 3017 ὡς
1791 2941 1854 3013 οίπδ
1872 2946 1925 3010 τοῦ
1944 2939 2017 3023 rius,

434 3059 521 3142 είδεις,
542 3059 668 3151 θίματος
688 3055 843 3150 οὶχροίστου
865 3062 944 3146 ἡμίν.
978 3059 1024 3124 ld.
1048 3057 1113 3124 Od.
1139 3056 1308 3136 1455,15.
1351 3053 1416 3126 Kal
1439 3055 1494 3144 ’ίρα
1520 3055 1552 3125 ri
1580 3056 1699 3141 εἴδομεν.
1727 3051 1844 3129 ἒννστιδς
1868 3052 1929 3143 γοίρ
1956 3054 2018 3122 ι’στε

433 3172 589 3242 κάνταῦθα
607 3174 661 3242 οὐκ
680 3166 852 3262 εὔχρηστος,
869 3175 928 3242 τοῖς
947 3166 992 3257 μδ
1010 3161 1165 3259 γράφουσι
1184 3167 1349 3244 ποιητικῶς·
1373 3169 1412 3234 ci.
1435 3167 1550 3235 Arcad.
1572 3167 1614 3234 de
1637 3189 1701 3232 acc.
1724 3190 1755 3253 p.
1776 3166 1846 3237 167.

585 3285 699 3350 XLIX.
744 3282 852 3350 Schol.
877 3281 941 3347 Od.
964 3283 1026 3362 Vl,
1047 3285 1122 3346 200.
1159 3275 1377 3366 Δυσμινίων
1407 3278 1524 3368 φοίσδ.Ι
1574 3275 1734 3367 Τυραννίων
1756 3277 1927 3345 συστέλλει.
1956 3271 2018 3344 dri

433 3395 485 3462 τοῦ
506 3393 592 3485 φημί
605 3398 711 3480 δμοίως
731 3393 774 3482 τῷ

886 3497 939 3570 sal
958 3498 1102 3589 οἰγγελίην
1123 3497 1288 3590 ἀπίφασθε
1318 3499 1369 3583 (ll.
1386 3502 1416 3577 9,
1434 3498 1514 3584 649)

432 3612 503 3690 τινδς
521 3612 553 3684 dl
574 3613 679 3702 ὁμοίως
698 3614 741 3703 τῷ
761 3612 886 3692 sudrei,
907 3617 945 3686 ὡς
965 3609 1019 3680 sal
1041 3609 1243 3700 ι’τεκροίτησεν.

586 3730 674 3793 Eust.
698 3726 763 3792 Od.
785 3749 818 3812 p.
838 3725 933 3804 1613,
953 3725 992 3789 16
1013 3721 1118 3792 Ἰστίον
1137 3719 1168 3792 dl
1188 3720 1232 3790 irs
1250 3723 1304 3788 τοῦ
1325 3719 1392 3809 εἶμί
1413 3718 1558 3788 τουτίστον
1578 3716 1727 3808 ύποίρχω,
1749 3711 1855 3791 δλλως
1878 3743 2017 3806 παραγο·

433 3836 522 3924 μίνου
541 3832 702 3926 κοινίτερον,
714 3834 908 3924 Ἡρακλείδης
925 3831 1008 3923 λίγει
1027 3832 1089 3924 περὶ
1111 3833 1203 3933 αὐτοῦ
1222 3837 1260 3905 air
1278 3829 1341 3900 ἔνιοι
1360 3833 1414 3900 τῶν
1431 3831 1573 3900 Αίολικῶν
1592 3829 1790 3918 μετατιθέντες
1806 3827 1833 3896 ἐν
1851 3825 1947 3920 προίτη
1964 3823 2018 3896 καί

435 3947 554 4038 δευτίρορ
564 3947 695 4039 συζυγία
708 3943 995 4036 τῶνπεριστωμίνιιν
1006 3943 1039 4014 ri
1055 3949 1113 4036 [ω]
1124 3943 1311 4022 ιε’ςῆποιοῦσι
1326 3929 1543 4036 ρνίματαείςμι
1561 3943 1746 4030 πλεονασμῷ
1764 3927 1866 4026 risis
1893 3951 2016 4008 συλλει-

435 4059 490 4140 fils
510 4057 557 4128 r'rrl
574 4059 686 4132 πίλους.
709 4058 784 4127 οὕτω
805 4053 886 4148 φασδ
904 4053 957 4124 καὶ
975 4052 1036 4124 riri
1054 4061 1108 4126 τοῦ
1130 4057 1181 4146 spei
1199 4050 1233 4124 τδ
1250 4052 1385 4124 Αίολικδν
1403 4051 1493 4143 φημί.
1512 4050 1555 4121 διδ
1572 4047 1706 4142 βαριίνων
1725 4055 1738 4119 δ
1756 4046 1914 4139 Τυραννίων
1932 4047 2016 4138 piper

435 4165 549 4259 γροίφει
570 4169 738 4259 βαρυτίνως
755 4165 963 4256 Αἷολικιίτερον
985 4163 1037 4236 οἷον

889 4279 972 4368 ῲῆμι
990 4276 1050 4366 γοδρ
1074 4273 1122 4346 οὖν
1143 4275 1327 4344 κατανεῦσαι
1358 4275 1407 4358 (ll.
1432 4275 1566 4358 2,.150).

586 4391 764 4456 Putandum
789 4403 837 4458 est
860 4391 1024 4477 analogiae
1047 4386 1221 4455 servandae
1244 4407 1357 4452 caussa
1372 4387 1611 4472 Tyrannionem
1626 4382 1744 4448 Aeoles
1767 4391 1910 4446 secutum
1931 4377 2015 4465 φῆμο

435 4505 607 4588 scripsisse,
630 4514 665 4568 ut
687 4501 745 4566 fiat
767 4505 927 4587 passivum
951 4495 1070 4588 φοίμοιι,
1094 4498 1136 4564 ad
1158 4519 1253 4584 quam
1275 4498 1408 4562 formam
1430 4495 1595 4560 manifesto
1612 4488 1714 4582 φοίσδι
1735 4488 1934 4556 referendum
1958 4499 2016 4568 est,

436 4631 533 4694 quum
556 4613 610 4678 alii
633 4612 735 4702 φοῒσθε
757 4616 966 4699 scripsissent,
990 4609 1079 4696 quod
1101 4612 1134 4674 in
1157 4607 1228 4674 cod.
1251 4607 1338 4672 Harl.
1362 4606 1382 4672 l.
1397 4605 1419 4671 l.
1442 4613 1539 4671 exstat
1554 4603 1613 4688 (¹).
1652 4601 1755 4668 Aliam
1774 4601 2016 4688 originationem

492 4842 535 4912 (¹)
567 4841 690 4914 ψᾶσθἸιι
704 4846 818 4915 margins
832 4839 1072 4914 δυσρενίωνψεῖσθ’.
1091 4839 1230 4914 Τυραννίων
1243 4839 1392 4893 συστέλλει.
1406 4841 1495 4893 ilecto.
1522 4833 1796 4892 Aliteressetvarbum
1809 4822 2015 4904 ssdrpmpdpaa
