4846 5908
1111 408 1160 481 <29

1016 523 1251 552 mmm

342 665 567 754 praeseferre
589 664 719 746 dixerat,
741 669 905 732 nominum
927 667 960 730 in
982 685 1116 731 numero
1140 667 1294 751 reposuit.
1326 665 1418 752 Quot
1437 687 1515 731 vero
1539 675 1646 752 partes
1669 671 1823 734 orationis
1839 689 1924 734 sum-

342 781 450 866 pserit,
472 799 627 863 nusquam
642 775 802 864 proditum
818 779 958 864 repperi;
982 785 1117 842 attamen
1133 779 1259 841 nomina
1276 782 1415 863 propria,
1439 777 1638 864 appellativa,
1653 782 1827 865 participia,
1849 800 1925 866 pro-

341 892 469 954 nomina
493 899 524 953 et
546 889 682 954 tortasse
706 887 857 954 adverbia
880 909 952 954 cum
974 890 1103 952 novisse
1126 888 1298 973 fragmenta
1321 888 1447 953 docent.
1497 889 1594 974 Apud
1618 888 1749 956 Suidam
1772 894 1856 956 enim
1878 889 1924 956 le-

342 1010 472 1087 guntur:
493 998 520 1065 a'r
540 995 563 1087 ᾧ
581 995 664 1086 ulpia
683 992 788 1085 οἶτομοι
806 995 861 1084 μὶν
881 996 950 1066 aliar
973 992 1013 1064 ad
1037 994 1125 1086 κύριοι
1149 996 1301 1082 ὁνὸμιοτιι·
1329 996 1478 1082 deuastati
1499 998 1530 1066 dl
1556 997 1598 1068 τινῖ
1626 999 1832 1090 προσηγορικον,
1859 999 1926 1068 ddi·

341 1137 433 1198 μοτιι
459 1107 491 1178 di
517 1109 557 1178 rel
583 1107 755 1196 μιτοχιιιοί,
787 1132 868 1197 quae
896 1109 995 1176 verba
1025 1109 1213 1174 obscuriora
1240 1111 1303 1196 jam
1332 1109 1386 1174 alii
1414 1114 1612 1197 interpretari
1635 1115 1741 1176 conati
1767 1123 1840 1176 sunt
1867 1119 1924 1193 ().

341 1205 429 1287 lntef
449 1222 528 1286 haec
548 1225 711 1287 nominum
741 1225 800 1286 tria
823 1241 938 1308 genera
961 1219 994 1286 id
1018 1219 1203 1286 discriminis
1227 1243 1299 1284 eum
1326 1225 1474 1307 posuisse
1497 1232 1620 1307 putem,
1653 1233 1689 1288 ut
1710 1217 1798 1308 adpre
1821 1215 1926 1305 ιῖτομοο

342 1335 420 1414 sint,
443 1331 532 1418 quod
554 1332 687 1399 verbum
711 1354 782 1397 cum
805 1333 1009 1418 Dionysiana
1031 1341 1212 1419 prototypo
1237 1343 1391 1418 congruat
1406 1330 1469 1414 (²),
1493 1327 1693 1422 προσηγορικοί
1713 1355 1791 1399 vero
1816 1343 1848 1398 et
1869 1360 1925 1420 μο-

343 1443 460 1527 τοχιιοιί
480 1442 664 1532 σιιριίγωγοι.
703 1443 804 1530 Quod
827 1437 1028 1531 σροσηγοριιιιί
1044 1441 1194 1530 deportari
1214 1446 1363 1522 nominat,
1385 1440 1543 1529 μετοχικοί
1562 1466 1640 1509 vero
1664 1443 1813 1530 diluere,
1838 1443 1926 1531 quod

343 1553 537 1620 vocabulum
559 1559 592 1621 in
614 1556 720 1620 lexicis
743 1558 861 1620 nostris
884 1576 951 1620 non
973 1555 1086 1632 inveni,
1110 1553 1163 1618 illa
1185 1559 1322 1634 nomina,
1346 1577 1364 1618 a
1387 1553 1505 1640 quibus
1528 1576 1613 1620 nova
1636 1553 1773 1621 derivari
1794 1565 1926 1641 possent

344 1665 511 1744 vocabula,
535 1666 604 1730 aliis
627 1665 784 1731 interdum
808 1687 878 1732 esse
899 1660 1090 1752 σρωτὸτυσιι,
1118 1663 1274 1749 peragrari
1299 1687 1460 1751 nunquam
1492 1665 1633 1731 indicare
1655 1666 1802 1732 volucrit.
1848 1665 1926 1730 Pro·

344 1780 472 1842 nomina
494 1774 663 1864 σημειώσεις
685 1798 757 1842 eum
772 1780 962 1856 nominasse,
984 1787 1118 1841 testatur
1131 1775 1324 1862 Apollonius
1340 1776 1504 1863 Dyscolus
1521 1775 1578 1859 (³),
1602 1775 1720 1857 dicens,
1744 1777 1769 1844 οἶ
1784 1775 1825 1845 ad
1842 1780 1926 1864 ὡρισ-

344 1886 423 1972 ριίνιι
438 1883 641 1973 σεσημείωται,
667 1886 700 1954 ai
717 1885 748 1954 dl
768 1887 946 1973 ἀντωνυμίιιι
967 1883 1114 1974 ὡρισμένοι
1132 1884 1278 1975 πρόσωπον
1293 1885 1470 1974 παρίστησιν,
1497 1892 1550 1954 οὐκ
1572 1885 1719 1960 deciduus
1739 1883 1927 1976 ὄΤυριιννῖιιν

345 1993 516 2084 mutarique
540 1993 635 2072 ariade
659 1993 809 2078 ε’νιοίλισον,
829 2019 923 2084 quam
947 1995 1163 2062 definitionem
1186 2002 1381 2085 posteriores
1407 2002 1598 2086 grammatici
1619 1999 1707 2064 latini
1729 2021 1796 2065 non
1819 2019 1927 2086 asper-

345 2113 409 2176 nati
432 2118 506 2175 sunt
521 2107 578 2194 (⁴).
622 2111 771 2195 Denique
794 2108 944 2174 adverbia
967 2110 1205 2198 Tyrannionem
1233 2112 1362 2176 novisse
1390 2131 1426 2175 ex
1455 2109 1633 2198 fragmentis
1656 2111 1736 2176 XVI
1759 2109 1799 2176 de
1821 2107 1925 2200 σορᾷ,

345 2221 476 2302 XXVII,
499 2220 540 2287 de
562 2217 581 2316 ᾗ
603 2220 736 2308 alliaque
759 2222 933 2308 conjiciam.

812 2503 895 2598 Περὶ
922 2507 982 2584 τῆς
1008 2507 1215 2595 Ῥωμαϊκῆς
1241 2507 1454 2577 διαλέκτου.

497 2643 572 2708 Hoc
598 2645 632 2708 in
658 2639 742 2706 libro
766 2641 1005 2729 Tyrannionem
1034 2645 1101 2708 sire
1132 2643 1217 2708 hunc
1247 2645 1400 2728 majorem
1430 2643 1519 2709 illum
1550 2647 1618 2709 sive
1646 2647 1800 2710 minorem
1833 2652 1926 2730 putas

345 2759 453 2836 luisse,
475 2755 613 2843 linguam
634 2754 811 2818 Romanam
834 2753 994 2820 aGraeca
1017 2775 1087 2819 esse
1110 2752 1277 2819 oriundam
1301 2753 1502 2820 contendisse
1524 2753 1644 2821 Suidae
1665 2753 1765 2821 verba
1785 2753 1829 2822 iu
1852 2749 1926 2823 ἐστὶν

346 2869 380 2938 in
400 2868 450 2944 τῆς
465 2863 641 2942 Ἑλληνικῆς
662 2886 728 2930 non
751 2863 890 2931 obscure
917 2864 1066 2930 indicant.
1111 2864 1206 2951 Quae
1234 2875 1413 2952 sequuntur
1445 2865 1498 2932 τοῦ
1523 2863 1702 2952 Ἀντιγένους
1729 2869 1746 2943 οἱ
1773 2861 1930 2953 Ῥωμινὶὶιιί

346 2976 501 3053 iliatam
522 2975 621 3043 verba
643 2975 685 3042 ad
711 2975 931 3064 explicandum
955 2974 1139 3042 difficillima
1167 2987 1250 3042 sunt.
1296 2975 1403 3062 Quid?
1445 2976 1480 3042 Si
1504 2976 1705 3043 emendemus
1730 2978 1784 3044 οὐκ
1808 2975 1927 3066 αὐθιγε-

402 3276 444 3347 (¹)
468 3276 556 3331 lehre.
570 3275 666 3331 Herod.
679 3286 709 3330 tr.
723 3275 810 3348 script
824 3294 872 3329 em.
886 3295 911 3347 p.
920 3267 983 3330 lt6.
992 3294 1017 3330 n.
1054 3277 1111 3328 Dae
1123 3277 1215 3329 Latate
1228 3276 1263 3330 ist
1276 3275 1404 3339 deutlich;
1424 3275 1491 3330 denn
1505 3277 1551 3331 das
1564 3277 1733 3348 Participinm
1745 3277 1780 3330 iat
1792 3271 1831 3328 alal
1850 3265 1928 3348 ρ’ἦμιι-

347 3389 390 3432 τος
408 3359 520 3439 διινιιρον
538 3367 592 3420 und
611 3367 687 3418 iusim
706 3363 765 3440 ἶχοι
784 3361 910 3436 Ιξοιῑριτον
928 3357 958 3418 ον’
976 3356 1070 3436 ptinere
1088 3356 1244 3438 apoaa'mer
1264 3361 1327 3418 οἴνοιο
1344 3367 1417 3434 (ller.
1432 3386 1485 3436 μοι.
1500 3367 1543 3423 27.
1558 3370 1614 3435 28),
1638 3367 1703 3420 euch
1721 3367 1760 3420 ale
1779 3368 1926 3440 Gegenaatz

349 3463 397 3516 daa
411 3459 523 3514 mittlere
536 3455 719 3513 veratiindlich.
756 3458 797 3509 Zn
815 3456 875 3510 dem
888 3466 973 3510 ersten
987 3457 1055 3510 kann
1069 3475 1129 3510 man
1142 3457 1244 3511 denlren
1257 3477 1289 3510 au
1303 3457 1389 3510 Schol
1403 3457 1481 3510 Dion.
1495 3457 1582 3511 Gram.
1597 3455 1658 3524 679,
1672 3461 1705 3510 10
1717 3457 1758 3510 eal
1777 3448 1826 3510 ried
1846 3455 1927 3518 εἴδους

349 3554 385 3614 ale
402 3542 492 3622 ἄτομοι,
513 3542 543 3608 air
563 3541 575 3599 ὅ
594 3537 725 3618 ἅνθρωπος
743 3547 779 3608 alc
795 3538 854 3607 rede
870 3539 933 3600 eard
951 3545 1025 3618 pipec
1043 3537 1195 3620 ἐνδρόσους,
1216 3549 1252 3608 alc
1268 3538 1402 3620 Σωκριῖτην
1420 3542 1462 3600 aral
1481 3537 1617 3600 Πλοῖτωνοι·
1636 3543 1832 3615 Prise.11‚t,6.
1863 3551 1926 3604 Pro-

347 3643 432 3716 prium
445 3657 508 3694 vero
522 3637 592 3711 quod
604 3637 754 3691 naturaliter
765 3637 968 3710 uniuscnjusque
981 3640 1108 3710 privatam
1121 3638 1292 3693 substantiam
1305 3649 1331 3692 et
1344 3639 1495 3712 qualitatem
1509 3637 1637 3710 significat
1653 3649 1680 3692 et
1692 3639 1718 3692 in
1735 3640 1811 3694 rebus
1829 3651 1869 3694 eat
1887 3642 1926 3694 in·

348 3733 472 3798 dividuis,
491 3747 555 3802 quaa
568 3727 718 3801 philosophi
732 3719 814 3798 ιἰτομιι
824 3739 929 3794 vocant,
945 3739 975 3782 ut
986 3729 1070 3794 Pluto,
1083 3731 1211 3785 Socrates.

501 3819 603 3874 Leraclt
616 3820 634 3873 l.
646 3819 663 3872 l.
677 3820 722 3883 llI,
734 3837 759 3891 p.
771 3822 812 3872 83.
838 3819 904 3872 Dela
919 3819 961 3872 die
973 3819 1138 3892 Bemerknng
1151 3838 1198 3874 ans
1211 3821 1310 3874 seinem
1324 3816 1504 3891 (Tyrannio’a)
1517 3818 1623 3872 Werlse
1635 3818 1699 3872 iiber
1711 3819 1753 3873 die
1766 3820 1927 3886 liedetlteile,

349 3913 406 3968 dala
424 3912 467 3965 dia
479 3911 657 3982 Eigennamcn
675 3899 757 3980 ιἰτομοι
776 3909 837 3964 dh.
858 3909 885 3962 in
899 3909 1035 3963 Elementa
1054 3909 1126 3964 nicht
1147 3910 1307 3976 auianliisen,
1327 3911 1385 3963 dals
1407 3909 1449 3962 die
1462 3911 1647 3981 llauptwiirter
1659 3902 1787 3980 θιμιιτινοί
1804 3911 1863 3966 dh.
1885 3912 1931 3966 aus

348 4005 473 4068 Stimme,
490 3999 858 4054 tvanetnaurectzutehren
870 3999 923 4053 nnd
937 4000 979 4054 dia
992 4000 1134 4073 Participia
1153 3995 1271 4072 ἆθίριιιτοι
1290 4000 1348 4055 dh.
1369 4000 1436 4054 ohne
1455 3999 1609 4073 eigantlielre
1621 4000 1752 4054 Wuneln
1770 4001 1850 4066 saian,
1870 4001 1928 4054 eine

349 4091 555 4166 etymologiaolre
568 4090 720 4163 Beaieltung
732 4089 824 4157 haben,
843 4091 877 4144 ist
889 4090 967 4144 kaum
980 4109 1014 4144 au
1026 4091 1145 4164 languea.

404 4217 445 4290 (²)
470 4218 553 4272 Belalt.
571 4221 619 4272 An.
637 4236 663 4290 p.
677 4208 744 4284 fidi,
758 4219 800 4272 21.
836 4215 904 4286 Eldq
924 4215 952 4270 dl
970 4207 1023 4286 daie,
1042 4207 1197 4291 apuaa'maa
1212 4217 1255 4270 ael
1272 4203 1427 4290 aapdyuyoa·
1445 4206 1601 4289 arpoeo'umer
1619 4214 1662 4289 pla
1681 4204 1722 4270 eim
1741 4213 1797 4270 leel
1819 4210 1849 4270 ad
1867 4208 1929 4271 sard

348 4304 391 4378 nlo
408 4301 502 4381 aprime
520 4307 598 4361 θίσιν
615 4306 728 4382 λιχθίο.

405 4433 448 4508 (³)
473 4439 514 4488 De
528 4453 600 4508 pron.
613 4454 638 4507 p.
649 4436 674 4502 2,
686 4437 728 4489 10.

404 4561 415 4632 (
421 4561 446 4632 ⁸)
471 4565 539 4616 Dou
549 4561 653 4617 Putach.
666 4581 691 4634 p.
700 4561 778 4618 1751.
802 4562 952 4616 Pronomen
965 4571 1077 4634 estpars
1089 4561 1223 4628 orationis,
1237 4579 1303 4634 quae
1315 4579 1362 4633 pro
1371 4559 1476 4614 nomine
1488 4559 1575 4632 posita
1587 4561 1747 4615 tantumdem
1756 4579 1839 4634 paene
1849 4562 1928 4634 sigui.

350 4654 411 4708 lioat
424 4652 604 4724 interdumque
616 4671 755 4725 personam
768 4653 866 4724 recipit.
891 4651 979 4706 Diam.
993 4651 1098 4706 Puteola.
1112 4654 1207 4724 pdlS.
1243 4653 1389 4706 Pronomen
1403 4661 1443 4704 est
1461 4669 1520 4723 para
1540 4651 1672 4720 orationis,
1691 4671 1757 4725 quae
1775 4655 1863 4727 posita
1880 4673 1928 4727 pro

348 4745 453 4799 nomine
465 4744 551 4798 minua
565 4743 669 4815 quidam
687 4744 765 4815 plane
782 4743 852 4798 idem
868 4753 955 4797 tamen
973 4742 1107 4816 significat.
1147 4741 1221 4798 Char.
1238 4742 1343 4796 Pntseh.
1361 4761 1386 4814 p.
1396 4735 1457 4800 9at.
1495 4743 1641 4797 Pronoman
1660 4753 1701 4797 eat
1716 4762 1776 4817 para
1796 4745 1929 4808 orationis,

350 4853 415 4908 quae
429 4853 476 4908 pro
489 4835 594 4889 nomina
606 4834 712 4908 proprio
724 4835 927 4908 uniuscnjusque
941 4834 1074 4907 accipitur,
1092 4851 1323 4906 peraonasqne
1341 4833 1458 4888 linitae
1478 4833 1577 4906 recipit
