4846 5908
1149 397 1173 472 5

523 657 761 744 Tyrannionem
785 657 935 744 majorem
958 658 1020 744 jam
1037 660 1300 743 quinquagesimo
1317 667 1432 723 octavo
1454 679 1538 724 anno
1564 681 1591 725 a.
1613 659 1690 726 Chr.
1714 682 1732 725 e
1755 663 1817 725 rita
1839 659 1955 726 abiisse

369 789 410 834 ne
440 767 606 834 credamus
636 767 772 854 epistola
806 767 972 833 Ciceronis
1001 766 1043 832 ad
1069 770 1204 833 Atticum
1232 767 1429 854 impedimur.
1474 773 1569 836 Anno
1607 775 1689 836 enirn
1724 783 1893 858 antequam
1922 775 1955 836 in

370 879 494 946 exilium
518 883 574 945 ivit
590 878 707 946 Cicero
731 881 794 965 jam
818 877 859 943 de
882 879 983 944 salute
1007 900 1065 943 sua
1088 881 1210 959 timens,
1235 890 1269 944 ut
1292 885 1427 946 animum
1452 903 1470 946 a
1494 882 1708 948 sollicitudine
1731 895 1894 963 avocaret,
1917 883 1954 948 li-

367 989 462 1058 brum
486 990 526 1056 de
550 989 739 1077 geographia
763 994 869 1054 Attico
893 1001 1025 1055 anctore
1055 991 1310 1077 componendum
1339 1005 1533 1080 susceperat.
1580 995 1675 1081 Opus
1705 1006 1771 1060 erat
1800 1013 1955 1082 maguum,

367 1124 420 1167 ros
443 1101 483 1166 ad
507 1099 726 1188 explicandum
749 1099 905 1166 difficiles.
951 1103 1033 1165 Tum
1055 1105 1191 1188 primum
1216 1103 1434 1190 Tyrannionis
1458 1108 1652 1183 meminerat,
1679 1127 1754 1170 num
1777 1107 1860 1171 iorte
1884 1107 1954 1192 ejus

369 1212 484 1278 auxilio
508 1223 651 1278 uteretur
666 1211 726 1295 (¹).
764 1212 857 1278 Senis
881 1211 1043 1299 decrepiti,
1067 1213 1175 1294 credo,
1200 1226 1231 1280 et
1250 1214 1411 1301 podagrae
1427 1213 1541 1280 morbo
1560 1217 1705 1282 conlecti.
1746 1217 1832 1281 Talis
1849 1226 1953 1282 autem

369 1335 435 1402 erat
458 1326 624 1411 Tyrannio
647 1327 828 1389 testimonio
852 1322 985 1404 Suidae,
1021 1328 1048 1389 si
1069 1327 1132 1410 jam
1162 1347 1246 1390 anuo
1270 1337 1424 1412 sequente
1453 1338 1599 1392 mortuns
1629 1349 1700 1392 esse
1728 1339 1866 1414 putatur.
1914 1329 1955 1392 At

367 1456 433 1502 non
462 1435 503 1501 de
526 1437 733 1521 Tyrannione
760 1437 880 1520 majore
907 1435 964 1500 sed
995 1435 1036 1501 de
1058 1437 1217 1502 Phoenice
1246 1436 1446 1522 cogitandum
1476 1459 1545 1502 esse
1573 1437 1669 1503 dices.
1715 1438 1953 1524 Perpendamus

366 1551 470 1635 igitur,
493 1568 576 1632 quae
599 1544 640 1610 de
662 1546 727 1611 hoc
748 1547 956 1632 Tyrannione
984 1551 1107 1612 minore
1136 1546 1249 1612 tradita
1273 1551 1343 1614 sint.
1388 1549 1498 1613 Refert
1521 1549 1639 1615 Snidas
1669 1572 1741 1614 enm
1770 1551 1869 1615 inisse
1897 1571 1954 1614 na·

366 1661 455 1724 tione
477 1657 677 1734 Phoenicem,
700 1657 892 1723 Artemidori
907 1657 1017 1737 lilium,
1042 1661 1257 1746 Tyrannionis
1280 1661 1408 1746 majoris
1432 1659 1632 1747 discipulum,
1656 1659 1796 1746 ideoque
1811 1665 1840 1726 ei
1857 1661 1952 1747 hujus

367 1791 484 1834 nomen
507 1767 639 1833 inditum
664 1789 743 1848 esse,
767 1791 864 1854 quum
889 1781 979 1834 antea
996 1771 1128 1835 Diocles
1152 1771 1382 1856 appellaretur3
1406 1770 1494 1836 hello
1519 1775 1600 1836 inter
1616 1774 1789 1838 Antonium
1813 1781 1845 1837 ct
1868 1770 1953 1838 Cae-

368 1903 469 1946 sarem
493 1891 634 1965 captum,
663 1879 865 1965 aDymante
889 1880 1028 1965 quodam
1053 1881 1201 1948 Caesaris
1225 1881 1340 1946 liberto
1366 1893 1522 1968 emptum,
1546 1885 1715 1948 Terentiae
1738 1895 1864 1970 postes,
1896 1881 1953 1949 Ci-

367 1995 493 2056 ceronis
517 1994 621 2070 uxori,
644 1989 796 2055 donatum
820 2001 852 2056 et
874 1991 916 2056 ah
940 2014 977 2056 ca
1000 1997 1233 2070 manumissum,
1257 1995 1381 2058 Rornae
1398 2014 1469 2058 eum
1486 1993 1646 2059 docuisse.
1684 1995 1853 2082 Fingamus
1873 1995 1953 2059 haec

367 2105 471 2168 omnia
496 2112 643 2166 constare
666 2112 697 2166 et
720 2113 845 2187 praeter
868 2103 1130 2169 consuetudinem
1154 2103 1284 2170 Suidam
1308 2116 1456 2169 accurate
1486 2103 1547 2168 sihi
1578 2103 1691 2169 tradita
1721 2109 1953 2192 perscripsisse,

366 2213 564 2278 manifestum
588 2223 636 2278 est
658 2213 711 2277 rel
732 2223 806 2298 past
828 2214 881 2278 vel
904 2236 969 2279 rron
996 2215 1096 2280 multo
1127 2227 1199 2280 ante
1228 2219 1419 2281 tricesimum
1448 2237 1564 2280 annum
1594 2237 1621 2280 a.
1638 2213 1715 2282 Chr.
1760 2218 1951 2282 Phoenicem

366 2325 501 2389 Romam
524 2326 660 2389 venisse.
708 2327 748 2388 At
771 2323 908 2390 sedecim
932 2329 1021 2392 annis
1045 2338 1118 2392 ante
1145 2325 1271 2406 librum,
1295 2349 1388 2413 quern
1405 2329 1571 2413 Tyrannio
1600 2331 1771 2414 scripserat
1794 2339 1826 2392 et
1844 2330 1951 2393 Attico

368 2435 516 2500 audiente
542 2438 744 2513 recitaverat,
779 2434 896 2501 Cicero
926 2436 967 2501 ah
997 2441 1099 2502 arnico
1130 2441 1220 2523 petiit
1235 2436 1297 2521 (²).
1342 2437 1444 2523 Quod
1474 2443 1533 2503 etsi
1563 2461 1634 2504 cum
1656 2437 1867 2526 Bernhardyo
1891 2459 1952 2526 po-

367 2550 469 2612 sueris
491 2549 523 2610 in
544 2548 674 2611 Antonii
695 2550 823 2612 nomine
845 2550 955 2611 vitium
978 2551 1082 2612 inesse
1098 2546 1150 2632 (³)
1173 2559 1204 2612 et
1227 2549 1417 2614 Phoenicem
1441 2549 1528 2613 illum
1551 2553 1661 2615 nescio
1686 2573 1752 2637 quo
1775 2550 1864 2615 bello
1888 2549 1953 2636 gal·

366 2657 430 2724 lico
454 2657 506 2722 vel
529 2657 612 2722 civili
636 2669 762 2743 captum
786 2679 804 2721 a
828 2659 977 2722 Terentia
999 2662 1222 2723 manumissum
1247 2681 1332 2740 esse,
1366 2681 1432 2724 rem
1455 2659 1596 2724 nondum
1620 2661 1825 2747 expediveris.
1870 2662 1952 2726 Nam

367 2767 558 2854 discipulum
587 2789 652 2834 non
683 2780 756 2834 ante
782 2772 919 2855 magistri
951 2768 1008 2834 sed
1039 2781 1112 2856 post
1142 2780 1275 2834 mortem
1305 2774 1338 2835 in
1369 2769 1467 2834 domo
1491 2769 1660 2836 Ciceronis
1689 2773 1787 2837 luisse
1818 2769 1952 2837 videbis.

365 2879 580 2945 Difficultates
604 2891 771 2966 augentur,
799 2878 889 2965 quod
913 2901 931 2943 a
955 2881 1119 2960 Terentia,
1143 2879 1311 2946 Ciceronis
1335 2903 1447 2960 uxore,
1475 2885 1686 2947 manumissus
1709 2881 1833 2947 dicitur.
1878 2883 1953 2948 llos

366 3109 444 3164 geren
459 3109 505 3146 aur
518 3091 686 3156 Phoenicien,
706 3091 752 3146 der
764 3093 801 3146 im
814 3093 903 3146 llause
916 3092 963 3146 des
978 3091 1070 3146 Cicero
1085 3093 1111 3146 in
1124 3092 1283 3148 heaonderer
1296 3094 1381 3147 Gunst
1393 3093 1478 3159 stand,
1492 3094 1559 3148 anch
1573 3095 1667 3148 dassen
1680 3094 1832 3150 Bibliothek
1844 3095 1951 3152 ordnete

366 3183 421 3236 und
434 3181 494 3235 ncht
506 3182 559 3235 nnd
572 3183 692 3254 sechseig
706 3183 808 3236 Biicher
825 3183 903 3236 meist
919 3182 1126 3256 philologischen
1143 3185 1241 3238 lnhalts
1261 3183 1371 3250 schrieb,
1390 3185 1565 3238 verwechselt
1580 3185 1687 3239 werden
1707 3186 1771 3241 dari.
1803 3186 1951 3242 Schneider.

366 3273 409 3328 l.l.
429 3273 462 3326 de
476 3273 651 3344 dispositione
663 3284 693 3326 nt
706 3275 827 3345 cogitem,
845 3273 910 3327 lacit
928 3273 1071 3327 recordatio
1089 3275 1205 3328 locorum
1220 3275 1355 3329 Ciceronis
1368 3275 1394 3328 in
1408 3277 1474 3347 Epp.
1490 3275 1531 3330 nd.
1547 3281 1596 3330 Att
1611 3273 1669 3342 2,6.
1683 3269 1732 3341 hl
1752 3287 1779 3329 et
1794 3272 1820 3342 6,
1834 3276 1878 3330 ubi
1892 3276 1952 3330 reli-

367 3363 442 3435 quias
456 3363 629 3416 bibliothecae
643 3363 805 3435 disposuisse
822 3374 848 3418 et
860 3364 1010 3436 designasse
1023 3365 1167 3436 Tyrannio,
1185 3365 1233 3418 sed
1245 3365 1331 3440 junior
1345 3375 1372 3419 et
1383 3367 1537 3438 antiquioris
1551 3366 1694 3438 discipulus
1711 3377 1845 3420 narratur.'
1870 3367 1952 3422 Grae-

364 3454 469 3510 fenhan.
483 3453 579 3506 Gesch.
596 3453 620 3509 d.
635 3454 714 3507 klass.
728 3454 794 3507 Phil.
808 3456 828 3518 l,
842 3449 941 3526 pion.
974 3457 1029 3508 Der
1038 3457 1144 3528 jiingere
1157 3457 1302 3528 Tyrannio,
1321 3475 1364 3509 nm
1384 3456 1474 3509 diesen
1487 3457 1544 3509 hier
1560 3457 1645 3529 gleich
1663 3457 1865 3524 mianunehnren,
1884 3459 1951 3512 anch

367 3545 520 3618 Tyrannion
533 3543 653 3598 Phoenix
671 3543 724 3597 und
743 3542 829 3598 lriiher
841 3543 950 3598 Diocles
963 3557 1084 3617 genennt,
1102 3565 1159 3600 war
1177 3547 1219 3600 ein
1233 3547 1442 3619 Preigelaesener
1458 3547 1505 3600 der
1523 3547 1653 3613 Terentia,
1676 3548 1792 3602 Cicero's
1805 3549 1952 3616 Gemaltlin,

366 3636 420 3690 nnd
433 3635 515 3689 lehrte
527 3636 554 3689 in
568 3635 647 3688 deren
660 3635 759 3689 Hense.
790 3635 893 3689 Lersch.
908 3636 1070 3708 Sprnchphil
1084 3637 1130 3690 der
1143 3638 1220 3691 Alten
1232 3640 1265 3704 ll,
1278 3657 1303 3710 p.
1313 3641 1359 3691 58.
1384 3639 1421 3692 Es
1434 3637 1537 3692 scheint
1555 3637 1616 3692 aher
1629 3639 1715 3692 dieser
1727 3639 1880 3711 Tyrannion
1893 3639 1950 3693 der-

365 3727 451 3800 jenige
465 3726 655 3779 Grammatiker
668 3743 701 3778 nn
715 3725 779 3790 sein,
798 3725 848 3778 den
861 3745 910 3780 uns
924 3727 1019 3780 Soidas
1033 3728 1071 3780 als
1085 3729 1300 3800 Preigelassenen
1315 3728 1361 3782 der
1374 3729 1505 3794 Terentia,
1519 3729 1565 3781 der
1578 3729 1716 3784 Gemahlin
1730 3729 1777 3782 des
1791 3731 1892 3796 Cicero,
1906 3749 1950 3784 an-

365 3817 428 3888 gibt.
467 3817 541 3886 Quae
560 3817 637 3870 refert
649 3815 771 3888 Parthey.
790 3816 877 3883 (Alex
890 3819 959 3872 Mus.
978 3837 1003 3890 p.
1017 3819 1080 3888 ldl)
1099 3837 1212 3872 errorum
1230 3830 1291 3872 sunt
1306 3820 1392 3892 plena.
1429 3821 1513 3873 Aliter
1532 3829 1669 3873 senserunt
1687 3819 1765 3875 Clint.
1783 3821 1800 3875 l.
1815 3821 1832 3875 l.
1849 3839 1876 3893 p.
1891 3823 1949 3875 18⁵.

365 3907 442 3980 Bayl.
455 3907 496 3961 ll
524 3905 646 3960 Bruolrer.
661 3905 704 3959 l.l.

420 3995 462 4066 (³)
484 3997 538 4052 Cic.
556 3996 590 4049 ad
603 4000 656 4050 Att.
669 3991 733 4060 11,6.
764 3996 868 4049 Etenim
880 3992 1046 4068 perpeccat,
1066 4017 1134 4072 qnae
1147 4001 1346 4066 constitueram,
1364 4019 1487 4074 magnum
1500 4019 1566 4072 opus
1581 4011 1633 4066 est,
1651 4002 1690 4054 ite
1706 4001 1785 4055 valde
1797 4001 1950 4056 Eratosthe-

365 4105 421 4154 nes,
441 4105 517 4160 quern
531 4087 592 4140 mihi
606 4104 791 4158 proposueram
805 4105 821 4139 a
833 4089 976 4160 Serapione
990 4100 1016 4143 et
1030 4090 1180 4162 Hipparcho
1194 4091 1400 4163 reprehenditur:
1415 4092 1477 4163 quid
1491 4111 1591 4158 censes,
1611 4092 1633 4145 si
1647 4093 1781 4164 'Tyrannio
1795 4093 1952 4147 accesserit?

365 4179 401 4232 Et
412 4179 517 4232 hercule
530 4189 590 4231 sunt
602 4196 643 4230 res
657 4175 776 4230 difficiles
791 4177 824 4231 ad
837 4179 1020 4251 explicandum
1039 4191 1065 4234 et
1084 4175 1213 4250 e‘pendrtc.
1247 4187 1301 4235 Att.
1316 4173 1388 4238 itai
1412 4183 1511 4236 Fecisti
1529 4183 1592 4236 rnihi
1613 4193 1770 4256 pergratum,
1791 4183 1950 4255 qnodSera-

364 4269 452 4341 pionis
471 4269 564 4322 librum
577 4269 611 4322 ad
628 4287 669 4321 me
682 4268 789 4323 misisti:
809 4287 843 4322 ex
856 4288 908 4341 qno
922 4271 1027 4342 quidem
1042 4290 1099 4344 ego,
1118 4274 1190 4345 qnod
1202 4273 1270 4326 inter
1281 4292 1330 4327 nos
1343 4274 1423 4328 liceat
1435 4275 1529 4341 dicere,
1547 4274 1714 4327 millesimam
1730 4284 1829 4346 partem
1846 4275 1894 4330 vix
1910 4275 1950 4329 in-

364 4359 465 4432 telligo.

419 4446 461 4519 (²)
480 4449 534 4503 Cic.
548 4449 582 4502 ad
594 4453 647 4504 art.
661 4451 719 4516 ΧΠ,
730 4445 755 4505 6.
774 4451 859 4505 Venio
877 4453 910 4506 ad
923 4445 1128 4525 Tyrannionem.
1160 4453 1219 4506 Ain’
1232 4455 1280 4508 tui'
1298 4473 1389 4508 rernm
1406 4455 1457 4510 hoc
1476 4454 1543 4512 init?
1563 4455 1619 4508 sine
1637 4455 1699 4510 mei
1718 4460 1753 4509 At
1771 4473 1819 4528 ego
1838 4455 1951 4527 quoties,

364 4559 445 4614 marn
458 4559 543 4594 essem
556 4541 671 4605 otiosus,
690 4541 746 4594 sine
760 4550 786 4595 te
800 4551 885 4595 tamen
899 4544 991 4597 nolui?
1022 4544 1164 4612 Quomodo
1178 4543 1228 4597 hoc
1242 4563 1302 4618 argo
1316 4545 1391 4600 loesi
1409 4547 1470 4600 Uno
1484 4547 1598 4611 scilieet,
1618 4546 1640 4599 ai
1653 4546 1717 4599 mihi
1733 4546 1826 4599 librum
1840 4546 1950 4613 miseris,

365 4632 436 4704 quod
449 4642 478 4685 nt
490 4631 579 4696 iacias,
599 4631 676 4684 etiam
691 4642 769 4702 atque
782 4633 860 4686 etiam
876 4651 948 4706 roga.
980 4635 1038 4686 Etsi
1056 4653 1098 4688 me
1117 4653 1170 4689 non
1183 4637 1266 4707 magis
1284 4636 1350 4689 liber
1363 4637 1420 4708 ipse
1434 4637 1581 4704 delectabat,
1600 4657 1677 4710 qnam
1696 4648 1740 4692 tna
1753 4637 1890 4692 admiratio
1904 4638 1950 4692 de-

363 4723 480 4777 lectavit.
513 4727 580 4775 Arno
599 4722 668 4775 eninr
686 4712 765 4774 edne
783 4713 924 4792 φιλὸδημον
942 4724 1034 4794 (Mein.
1053 4725 1124 4782 vind
1143 4725 1262 4780 Strabon-
1280 4745 1305 4799 p.
1316 4725 1369 4779 242
1388 4719 1565 4801 ψιλιιδῆμονα)
1583 4739 1661 4802 teque
1679 4731 1756 4784 istan
1776 4741 1828 4784 tan
1845 4739 1950 4784 tenuem

363 4809 475 4884 &reples
486 4813 564 4866 valde
578 4813 731 4867 admiratum
746 4833 805 4867 ease
819 4814 929 4886 gaudeo.

419 4900 462 4974 (¹)
480 4903 665 4977 Bernhardyua
678 4904 712 4957 ed
725 4904 742 4958 l.
774 4907 804 4958 ln
820 4905 924 4959 Antonii
936 4905 1044 4960 nomine
1057 4905 1139 4961 lalana
1155 4907 1205 4962 luit
1218 4907 1336 4981 scriptor.
