4846 5908
1233 351 1282 422 ‘28

1141 465 1376 490 mmm

626 607 721 693 Quae
743 608 910 694 hucusque
932 607 1123 694 protulimus
1138 607 1309 692 fragmenta
1322 608 1538 692 Tyrannionis
1553 607 1637 672 libro
1655 606 1695 672 de
1710 608 1864 694 prosodia
1880 611 2053 676 Homerica

470 719 638 804 inserenda
660 722 854 805 putavimus,
884 718 974 803 quod
1000 717 1117 804 quibus
1141 717 1238 781 rebus
1261 718 1436 783 secundum
1462 723 1733 805 grammaticorum
1758 719 1907 805 placitum
1932 721 1985 786 illa
2009 723 2054 787 el-

468 830 577 894 ficitur
599 841 726 908 tenore,
751 833 938 915 quantitate,
962 833 1074 916 spiritu
1090 829 1155 911 (¹),
1181 829 1260 892 haec
1282 831 1342 892 tria
1365 829 1430 893 illic
1453 833 1616 915 copiosius
1641 840 1827 910 tractantur,
1854 853 1961 917 neque
1984 833 2054 898 leve

469 939 549 1004 illud
573 939 721 1020 duxerim,
745 939 834 1025 quod
858 940 967 1004 eadem
991 941 1058 1004 iere
1085 943 1190 1004 omnia
1213 939 1387 1004 Herodiani
1416 943 1449 1004 in
1476 939 1560 1005 libro
1584 937 1647 1024 περὶ
1668 941 1717 1014 τῆς
1735 943 1865 1016 Ἰλιαιιῆι
1883 941 2056 1030 προσῳδίας

468 1052 628 1138 leguntur.
672 1053 718 1116 Ex
741 1073 839 1137 opere
863 1050 903 1115 de
933 1051 1157 1137 orthographia
1185 1071 1227 1114 ne
1248 1073 1345 1115 unum
1377 1049 1505 1135 quidem
1536 1050 1670 1116 verbum
1701 1064 1859 1117 servatum
1889 1053 2053 1121 habemus.

471 1163 538 1248 Qui
561 1184 638 1228 vero
663 1165 880 1249 grammaticos
903 1173 1026 1226 veteres
1054 1165 1249 1248 reputaverit
1271 1160 1491 1226 diversissimis
1520 1161 1600 1226 locis
1631 1161 1672 1226 de
1697 1163 1807 1228 iisdem
1838 1163 1935 1230 rebus
1959 1185 2053 1230 occa·

470 1277 561 1340 sione
584 1272 692 1338 oblata
716 1272 822 1338 solere
846 1271 1016 1358 disputare,
1039 1294 1144 1358 neque
1167 1275 1271 1335 minus
1295 1275 1327 1336 in
1355 1273 1579 1358 orthographia
1603 1295 1697 1358 quarn
1725 1277 1758 1338 in
1787 1274 1954 1360 prosodia,
1987 1275 2053 1340 dia-

470 1384 575 1464 lectis,
599 1383 830 1470 etymologiae,
858 1384 1021 1470 analogiae
1036 1381 1083 1465 (ί)
1107 1383 1213 1448 locum
1237 1381 1317 1462 dari,
1340 1382 1433 1448 facile
1450 1383 1636 1464 adducetur,
1660 1394 1695 1450 ut
1711 1383 1751 1449 de
1767 1385 1928 1450 nonnullis
1945 1408 1982 1450 ex
1996 1386 2052 1466 his,

471 1517 554 1582 quae
578 1495 755 1576 attulimus,
786 1499 819 1559 in
842 1495 1065 1580 orthographia
1088 1495 1327 1580 Tyrannionem
1351 1493 1547 1580 disceptasse
1576 1499 1737 1560 existimet.
1782 1497 1829 1560 Ex
1860 1495 1943 1562 libro
1973 1515 2052 1561 vero

472 1605 513 1672 de
535 1605 689 1694 prosodia
712 1617 742 1671 et
765 1605 805 1670 de
829 1605 1050 1692 orthographia
1072 1616 1176 1669 natam
1200 1626 1269 1670 esse
1291 1600 1340 1680 niv
1359 1603 1501 1692 διόρθωσιν
1517 1603 1680 1693 Ὁμηρικήν
1700 1609 1907 1692 perspicuum
1930 1616 1986 1672 est.

710 1803 796 1872 Ὀτι
828 1803 1081 1892 διαφωνοῦσιν
1112 1804 1145 1871 οἷ
1171 1802 1335 1893 νενίτερνι
1364 1801 1514 1880 ποιηταί
1537 1802 1621 1894 πρδς
1637 1803 1810 1895 Ὅμηρον.

625 1937 755 2024 Quibus
778 1941 810 2002 in
832 1937 930 2004 rebus
953 1936 994 2002 ab
1011 1939 1142 2003 Homeri
1157 1960 1219 2002 usu
1233 1947 1349 2025 poetae
1365 1942 1559 2023 posteriores
1581 1938 1799 2006 discessissent
1814 1941 2052 2026 Tyrannionem

472 2054 533 2118 hos
555 2054 588 2116 in
610 2049 695 2115 libro
719 2048 869 2114 docuisse
893 2059 924 2114 et
946 2053 1109 2136 inscriptio
1133 2048 1250 2114 indicat
1273 2060 1305 2114 et
1330 2048 1589 2114 adnotatiuncula
1620 2050 1707 2137 apud
1736 2050 1842 2116 Schol.
1864 2052 1935 2116 Nic
1958 2052 2053 2117 Ther.

474 2169 517 2230 52
540 2173 677 2228 servata:
701 2153 845 2236 οἶκνηντις.
891 2154 1061 2235 Ταιίτηνδδ
1088 2159 1114 2226 οἱ
1130 2156 1185 2245 μὲν
1209 2156 1258 2236 τὴν
1279 2157 1379 2240 κνίδιον,
1401 2159 1427 2228 σι’
1449 2157 1481 2228 δὲ
1501 2155 1549 2235 reis
1570 2160 1700 2230 σκδιλαν
1725 2151 1743 2238 i
1766 2157 1932 2252 einehsirpnv
1953 2165 1978 2243 (i
1999 2158 2055 2246 pclv

473 2269 634 2363 Τυραννίων
652 2270 701 2348 τὴν
722 2271 875 2355 σκίλλαν),
890 2270 1092 2342 Ἀπολλώνιος
1110 2267 1141 2338 δὲ
1161 2273 1174 2338 i
1196 2271 1356 2360 Μεμφίτης
1374 2265 1408 2338 ιδ
1425 2267 1550 2359 κνίωρον,
1571 2263 1643 2348 δδιί
1665 2299 1736 2346 τινος
1755 2268 1896 2362 κονίστραν
1914 2271 2053 2340 καλοῦσι.

473 2386 554 2451 Nam
579 2383 665 2470 apud
688 2385 862 2448 Homerum
885 2377 1021 2459 οἶκνηστις
1042 2393 1090 2448 est
1113 2383 1241 2448 dorsum
1265 2381 1451 2464 bestiarum,
1481 2381 1568 2470 apud
1596 2382 1791 2449 Nicandrum
1818 2405 1896 2450 vero
1924 2383 2053 2450 herbam

476 2496 634 2583 quandam
662 2494 828 2582 significat.

983 2691 1067 2784 Περὶ
1092 2694 1158 2764 τῶν
1185 2695 1301 2786 μερῶν
1331 2693 1397 2763 τοῦ
1423 2690 1550 2784 λίγου.

627 2826 729 2915 Quod
744 2829 983 2916 Tyrannionem
998 2831 1150 2895 minorem
1173 2826 1307 2920 ἐξήγησιν
1325 2829 1378 2896 τοῦ
1393 2824 1584 2918 Τυραννίινννι
1602 2830 1752 2917 μερισμοῦ
1773 2831 1938 2916 scripsisse
1956 2825 2052 2894 video

476 2955 507 3010 et
528 2940 735 3029 Apollonium
758 2935 821 3027 νιιρδ
838 2939 988 3028 μερισμοῦ
1008 2939 1063 3006 τῶν
1081 2939 1134 3007 τοῦ
1152 2935 1248 3028 λίγον
1271 2939 1367 3028 μορῶν
1390 2951 1529 3026 quatuor
1557 2938 1658 3006 libros
1689 2939 1826 3006 edidisse
1853 2939 1969 3004 Suidas
1991 2949 2055 3006 ret-

476 3055 556 3134 tulit,
579 3075 619 3118 an
641 3053 716 3118 huic
739 3054 831 3138 operi
854 3050 964 3116 eadem
983 3050 1084 3118 verba
1106 3053 1257 3139 inscripta
1279 3052 1397 3117 luerint
1419 3051 1546 3132 haereo,
1569 3055 1752 3138 praesertim
1768 3074 1864 3138 quum
1883 3051 2055 3138 lexicogra-

476 3167 572 3252 phum
594 3167 688 3230 istum
711 3165 744 3227 in
766 3162 864 3228 titulis
886 3161 1096 3228 inscribendis
1119 3163 1311 3250 negligenter
1331 3165 1433 3250 egisse
1456 3172 1587 3228 constet.
1626 3162 1720 3249 Opus
1743 3165 1862 3249 ipsum,
1886 3165 1912 3228 si
1934 3161 2055 3249 fingere

475 3278 558 3357 licet,
582 3273 747 3342 consimile
769 3277 987 3361 grammaticae
1009 3275 1161 3360 Dionysii
1184 3274 1331 3354 Thracis,
1362 3274 1578 3360 Tyrannionis
1607 3277 1753 3360 magistri,
1782 3273 1880 3340 luisse
1902 3272 2053 3340 videatur.

475 3390 602 3455 Initium
624 3386 678 3452 ille
700 3384 817 3472 procul
840 3383 940 3452 dubio
964 3407 1065 3470 aeque
1089 3396 1186 3470 atque
1207 3385 1259 3450 hic
1281 3407 1300 3450 a
1322 3375 1540 3471 grammaticae
1555 3383 1741 3450 delinitione
1757 3381 1852 3450 duxit.
1890 3385 1963 3450 Fuit
1978 3404 2055 3450 vero

475 3501 554 3564 haec
576 3493 779 3587 γραμματικοί
796 3495 857 3564 ἐστι
876 3493 976 3584 θεωρία
995 3490 1151 3582 μιμίσεονι
1163 3494 1220 3579 (³).
1263 3495 1331 3581 Qui
1354 3495 1533 3560 Aristotelis
1557 3498 1674 3580 scripta
1697 3493 1801 3581 probe
1823 3499 1928 3576 novit,
1957 3494 2056 3562 verba

476 3610 517 3676 ab
541 3631 581 3676 eo
604 3605 777 3696 μιμήματα
792 3605 840 3691 (⁴)
862 3615 975 3671 vocata
999 3628 1069 3672 esse
1091 3604 1227 3686 tenebit,
1255 3605 1289 3671 id
1312 3604 1402 3693 quod
1424 3608 1457 3670 in
1480 3605 1696 3692 Tyrannionis
1719 3604 1805 3670 dicto
1830 3605 1929 3670 latere
1951 3607 2055 3670 existi·

476 3744 556 3788 mem
578 3719 635 3804 (⁵).
681 3716 853 3784 Aristotele
883 3717 1011 3803 quidem
1038 3721 1271 3804 grammaticum
1295 3715 1377 3782 duce
1406 3738 1499 3782 usum
1530 3737 1601 3780 esse
1630 3725 1661 3780 et
1692 3715 1819 3781 aliunde
1848 3713 1933 3782 haud
1964 3738 2055 3804 aegre

478 3832 607 3899 ellicias.
652 3829 724 3894 Vel'
747 3832 928 3916 participia,
961 3850 1044 3914 quae
1071 3828 1250 3914 Dionysius
1273 3829 1378 3893 Thrax
1392 3827 1440 3914 (⁶)
1464 3837 1496 3892 et
1517 3825 1608 3892 verbi
1637 3835 1669 3892 et
1697 3825 1885 3892 substantivi
1913 3837 2056 3894 naturam

533 4102 575 4173 (¹)
601 4105 685 4157 Crem.
699 4103 786 4156 Oxou.
799 4103 844 4166 lV,
861 4119 886 4172 p.
896 4101 958 4166 ³08,
968 4097 1004 4154 27
1017 4095 1072 4164 ιίδη
1092 4097 1120 4150 dl
1137 4095 1280 4170 προσῳδίας
1296 4097 1362 4169 τρία,
1382 4088 1459 4164 τίνοι,
1479 4087 1580 4171 χροίνοι,
1599 4085 1733 4167 arripare.

535 4197 577 4270 (²)
603 4201 686 4254 Crem.
701 4199 752 4254 Ox.
764 4201 809 4264 tv,
826 4200 969 4270 postet
988 4187 1066 4249 πίνοι
1082 4187 1179 4258 medere
1199 4192 1381 4270 ὅρθογραψίαςρ
1401 4187 1432 4263 δ’,
1453 4190 1585 4266 ἄναλογία,
1606 4183 1744 4261 indiceres,
1765 4187 1924 4264 Ιτνμολογίοι,
1945 4192 2055 4266 ἱστορία.

535 4293 578 4368 (³)
603 4297 687 4350 Bekis.
701 4300 748 4351 An.
761 4299 794 4362 ll,
811 4315 837 4369 p.
847 4290 908 4360 668,
920 4297 946 4354 9.

535 4391 577 4466 (⁴)
602 4394 678 4447 libet.
691 4395 735 4457 lll,
747 4395 772 4450 9.

534 4489 576 4561 (⁵)
602 4491 762 4548 Scholiastcs
774 4490 840 4544 hanc
853 4489 1008 4544 sententiam
1020 4488 1168 4562 improbans
1185 4499 1292 4560 putasse
1309 4487 1420 4554 videtur,
1433 4487 1625 4562 Tyrannionem
1645 4495 1744 4540 tanturn
1760 4503 1791 4539 ea
1804 4485 1883 4539 verba
1899 4485 2056 4557 respexisse,

481 4600 547 4654 qnae
568 4583 646 4636 ceteri
668 4580 827 4653 grammatici
848 4579 1000 4652 ποποιημίνα
1015 4570 1121 4652 dripere
1139 4589 1237 4636 vocant
1254 4573 1295 4649 (ori
1313 4569 1386 4651 μδνον
1404 4567 1451 4652 peip
1469 4575 1527 4652 περὶ
1546 4571 1651 4650 μίμησιν
1667 4573 1830 4648 asserimur,
1851 4565 1923 4630 α’λλδ
1939 4575 1981 4628 καὶ
1999 4572 2058 4647 περὶ

481 4671 565 4745 λίξιις
583 4663 616 4744 μοὶ
635 4661 749 4747 ίχοίσας
767 4666 891 4742 μίμησιν).

535 4777 576 4851 (⁶)
601 4781 684 4838 Behlr.
698 4787 746 4835 An.
759 4799 784 4854 p.
795 4775 856 4846 639,
867 4783 909 4834 30.
