4846 5908
1151 392 1175 466 3

1045 507 1281 534 mmmm

371 655 504 723 inditum
527 655 626 720 lusisse
648 655 745 740 magis
767 652 906 739 placeat,
936 651 996 715 alia
1019 647 1192 715 dillicultas
1216 650 1359 714 ollertur.
1405 649 1485 714 Nam
1509 651 1542 712 in
1565 647 1665 712 verbo
1689 645 1888 736 χρηματίζειν
1905 648 1957 732 (¹)

373 789 439 834 non
462 767 565 831 solum
590 771 671 831 inest
694 768 847 829 nominari
871 761 927 827 sed
952 768 1043 826 etiarn
1068 783 1184 826 unrrren
1210 783 1380 825 assumere.
1424 761 1522 824 Estne
1551 763 1645 843 igitur
1673 757 1713 822 ah
1744 758 1812 824 aliis
1840 781 1957 824 nomen

338 939 341 944 .
372 882 564 964 impositum.
589 899 628 944 an
652 899 687 940 sc
711 881 779 962 ipse
803 880 844 940 ita
869 873 1059 960 appellavit?
1097 873 1131 937 Si
1155 871 1234 936 illnd
1252 873 1353 955 lingis,
1378 871 1475 936 habes
1495 891 1628 956 puerum
1647 869 1876 957 condiscipulis
1893 874 1958 935 suis

373 989 522 1056 odiosum
547 999 578 1054 et
601 1010 735 1074 gravem,
763 991 788 1050 si
812 987 874 1050 hoc
897 989 1010 1061 utravis,
1039 1005 1152 1047 vanum
1179 995 1209 1048 ct
1233 983 1428 1048 insolentem.
1475 983 1583 1065 Quum
1608 1003 1684 1046 vcro
1714 986 1805 1069 pueri
1834 1001 1959 1055 nomen,

352 1100 462 1188 quod
486 1104 655 1186 exagitaret
681 1109 872 1183 reseretque
901 1094 1143 1181 condiscipulus
1172 1117 1265 1174 suos,
1298 1094 1338 1159 ab
1363 1095 1513 1158 Hestiaeo
1542 1097 1690 1178 inagistro
1720 1098 1751 1157 iu
1775 1094 1958 1179 Tyrannio·

373 1235 445 1278 uem
461 1210 513 1296 (⁹)
537 1221 688 1274 mutatum
712 1209 892 1288 audiamus,
919 1207 1011 1272 lacile
1035 1210 1067 1270 in
1091 1228 1159 1270 eam
1184 1209 1365 1292 opinionem
1390 1203 1586 1282 adducimur,
1611 1215 1645 1268 ut
1668 1215 1825 1290 putemus,
1849 1201 1959 1268 adole-

373 1335 512 1390 scentem
536 1335 667 1386 naturae
690 1319 832 1385 bonitate
856 1319 971 1384 elatum
996 1319 1129 1382 tortasse
1154 1339 1238 1401 quos
1262 1321 1293 1381 in
1317 1315 1465 1382 ominbus
1487 1315 1639 1380 doctrinis
1663 1314 1864 1380 antecederet
1882 1335 1959 1380 con-

374 1433 549 1520 discipulos
573 1435 801 1519 contempsisse
825 1441 856 1496 et
879 1433 1060 1515 amagistro
1074 1429 1320 1512 Tyrannionem,
1344 1427 1385 1494 ab
1403 1429 1448 1492 his
1472 1427 1623 1512 κέρυμβεν
1638 1431 1814 1504 (cacumen,
1837 1433 1959 1508 vertex)

375 1550 569 1611 nominatum
592 1567 672 1608 esse.
721 1545 778 1609 Sin
802 1563 879 1606 vero
904 1541 1000 1605 lectio
1024 1533 1181 1624 κορύμβιυ
1206 1561 1281 1603 sana
1305 1551 1366 1618 est,
1390 1561 1457 1603 non
1480 1537 1570 1603 aliter
1593 1538 1723 1623 intelligi
1750 1548 1870 1623 potest,
1898 1539 1959 1600 nisi

375 1659 613 1744 Tyrannionem
637 1677 672 1721 se
695 1659 797 1740 ipsum
820 1653 920 1717 lilium
945 1655 1126 1716 nominasse
1149 1655 1260 1714 summi
1283 1655 1356 1730 viri,
1380 1649 1469 1735 qnod
1494 1669 1671 1736 cognomen
1695 1670 1731 1711 ex
1754 1653 1852 1735 patris
1874 1649 1959 1714 'Err-

373 1767 510 1856 xperlrlru
540 1772 668 1832 nomine
696 1765 828 1831 duxerit.
875 1765 956 1828 Nam
985 1761 1018 1829 el
1042 1761 1219 1842 hesperides
1248 1767 1475 1848 (tegumentum
1506 1759 1667 1846 quoddam
1692 1764 1819 1846 capitis)
1854 1769 1886 1824 et
1908 1756 1958 1826 ne‘·

374 1876 491 1967 ρύμβος
513 1885 745 1960 (ornamentum
769 1877 896 1962 capitis)
923 1873 1035 1938 similia
1060 1873 1245 1960 significant.

527 1991 686 2074 Magistris
707 1989 873 2074 Tyrannio
896 1985 1086 2050 adolescens
1110 2005 1187 2048 usus
1210 1995 1258 2048 est
1281 1982 1436 2070 pluribus,
1460 1986 1541 2047 inter
1564 2005 1648 2068 qnos
1671 1985 1873 2046 nominantur
1896 1982 1961 2046 lle-

375 2106 493 2168 stiaens
517 2103 683 2165 Amisenus
706 2110 737 2164 et
761 2099 938 2184 Dionysius
962 2099 1064 2161 Thrax
1081 2094 1145 2178 (³),
1170 2099 1221 2158 cui
1243 2098 1305 2180 jam
1330 2106 1431 2159 aetate
1455 2106 1610 2180 provecto
1634 2093 1726 2158 simul
1750 2115 1821 2158 cum
1841 2094 1959 2158 Deme-

375 2217 437 2279 trio
453 2213 631 2299 Erythraeo
646 2209 698 2292 (⁴)
721 2207 827 2274 Rhodi
844 2231 974 2294 operam
998 2206 1125 2273 dedisse
1148 2208 1256 2272 lertnr.
1296 2207 1434 2270 Athenas
1450 2228 1522 2270 eum
1546 2206 1724 2292 proiectum
1750 2225 1820 2269 esse
1838 2215 1869 2268 et
1884 2202 1959 2269 inde

375 2324 544 2390 Aristionis
568 2321 768 2408 tyrannidem
793 2322 961 2406 lugientem
985 2323 1017 2384 in
1041 2323 1171 2405 patriam
1188 2340 1223 2382 se
1246 2321 1404 2403 recepisse
1427 2316 1513 2382 nude
1527 2314 1775 2398 BrucherusG)
1799 2314 1831 2379 id
1852 2337 1959 2401 sump-

376 2440 452 2501 serit
474 2437 592 2511 nescio‚
616 2432 764 2517 equidem
786 2430 819 2495 id
843 2435 875 2495 in
898 2431 1055 2494 Plutarchi
1072 2429 1123 2511 (⁶)
1146 2427 1252 2492 verbis
1275 2432 1378 2492 inesse
1401 2433 1547 2510 negarim.
1587 2429 1703 2512 Neque
1720 2448 1800 2491 vero
1823 2447 1888 2490 nrm
1912 2437 1960 2490 est

376 2545 544 2612 verisimile
566 2545 695 2608 Athenis
718 2565 789 2606 enm
813 2543 925 2619 luisse,
949 2545 975 2604 si
999 2542 1194 2626 reputaveris
1219 2537 1328 2602 urbem
1353 2561 1423 2601 cum
1447 2561 1562 2624 perse
1586 2539 1786 2602 clarissimam
1812 2549 1876 2601 tum
1900 2539 1960 2602 Pe·

376 2660 612 2744 ripateticorum
636 2653 742 2720 sedem
767 2653 877 2732 luisse,
906 2673 1043 2738 qnorum
1066 2651 1118 2714 vel
1143 2653 1249 2734 potius
1273 2649 1451 2714 Aristotelis
1476 2661 1645 2735 praecepta
1672 2653 1851 2734 inscriptis
1875 2648 1959 2714 illius

377 2768 552 2856 perlucent.
600 2767 703 2848 Quam
728 2765 912 2849 opinionem
937 2766 1028 2827 etiam
1052 2760 1180 2826 aliunde
1204 2759 1344 2846 probare
1366 2781 1546 2846 possumus.

531 2877 704 2961 Postquam
728 2895 799 2938 cum
823 2874 959 2939 Lucullo
981 2876 1112 2938 Romam
1137 2877 1231 2950 verrit,
1254 2884 1351 2936 artem
1375 2893 1463 2936 suern
1487 2872 1651 2957 professus
1674 2881 1721 2935 est
1745 2882 1775 2934 et
1798 2891 1873 2934 mox
1897 2870 1961 2935 cla·

378 3007 432 3052 rus
456 2989 558 3053 lactus
583 2997 614 3052 et
637 2985 725 3051 dives
748 2989 872 3072 triginta
900 2985 995 3050 millia
1023 2983 1176 3049 librorum
1205 2982 1264 3047 sibi
1296 2987 1528 3068 comparavisse
1557 2980 1698 3046 traditur.
1745 2979 1841 3046 Addit
1869 3003 1960 3068 prae-

433 3255 474 3324 (¹)
494 3256 584 3328 Steph.
597 3257 675 3309 Thes.
689 3275 709 3309 s.
723 3275 748 3310 r.

435 3345 478 3416 (¹)
500 3348 559 3400 Alio
571 3347 670 3420 jndicio
683 3365 747 3398 usus
760 3356 801 3399 est
813 3346 1019 3400 Greeleahanius
1033 3343 1129 3397 Gesch.
1150 3343 1176 3396 d.
1198 3345 1232 3398 kt.
1247 3345 1313 3398 Phil.
1329 3347 1348 3409 l,
1361 3363 1385 3416 p.
1396 3335 1457 3397 dol.
1495 3343 1590 3396 Solche
1610 3343 1856 3415 Acmendeutnugen
1876 3343 1960 3398 haben

380 3439 471 3491 immer
489 3448 573 3491 etwes
592 3437 786 3508 verdichtiges.
823 3437 963 3490 Vlelleicht
980 3455 1036 3488 wer
1054 3435 1206 3506 Tyrennlon
1226 3437 1283 3488 sein
1301 3435 1401 3489 rechter
1425 3433 1477 3488 und
1499 3451 1546 3486 nur
1564 3433 1730 3504 Theophrest
1748 3433 1793 3486 der
1818 3434 1961 3508 beigelegte

379 3532 471 3592 Nema,
490 3527 539 3580 den
554 3546 581 3579 er
593 3545 685 3598 wegea
698 3527 783 3580 selaer
796 3527 875 3581 Liebe
888 3545 921 3580 zu
934 3527 985 3581 deu
998 3526 1118 3580 Werlrea
1131 3525 1178 3579 des
1192 3527 1347 3580 Aristoteles
1363 3543 1415 3579 rou
1437 3525 1529 3578 seiuen
1543 3523 1712 3577 Mitschiileru
1732 3523 1796 3576 oder
1809 3525 1961 3596 Zeitgenos.

379 3637 425 3674 seu
438 3619 593 3672 helrommeu
608 3618 689 3670 huben
703 3619 815 3672 mochte.

434 3706 476 3778 (⁸)
496 3710 601 3764 Clinton
615 3711 685 3762 l'ast.
700 3709 768 3762 llell.
786 3711 830 3772 lll,
843 3728 868 3780 p.
880 3711 940 3762 tsr.
954 3707 994 3762 ed.
1008 3725 1067 3761 aaa.
1084 3709 1142 3762 107.
1179 3707 1325 3778 Dionysius
1338 3706 1426 3759 Thrax
1439 3723 1512 3760 come
1531 3705 1650 3758 between
1665 3705 1826 3757 Aristarchus
1840 3704 1890 3757 end
1904 3707 1960 3778 Ty-

379 3802 479 3855 munio.
506 3801 608 3854 Suidas.
622 3821 642 3854 e.
656 3819 681 3853 ν.
705 3799 866 3854 Aristarchus
880 3800 962 3870 begea
976 3809 1004 3852 to
1018 3799 1050 3852 be
1062 3799 1176 3851 eminent
1189 3799 1212 3849 b.
1228 3797 1257 3852 C.
1274 3793 1333 3861 156,
1353 3797 1486 3869 Tyrannio
1501 3813 1557 3848 wes
1570 3795 1680 3866 brought
1693 3805 1719 3848 tc
1734 3797 1816 3848 home
1834 3796 1857 3848 h.
1874 3797 1902 3850 C.
1917 3797 1960 3852 tt.

381 3895 421 3945 An
434 3891 544 3944 interrel
558 3891 588 3944 ol
599 3890 690 3962 eighty
702 3890 753 3942 lire
767 3908 851 3961 years.
890 3889 1035 3961 Dionysius
1049 3889 1075 3942 in
1089 3889 1129 3941 hle
1142 3887 1225 3960 youth
1238 3888 1320 3960 might
1332 3887 1399 3940 have
1413 3887 1491 3940 heard
1506 3885 1667 3940 Aristarchus
1680 3887 1706 3938 in
1725 3885 1765 3937 his
1779 3886 1822 3938 old
1836 3905 1895 3958 age3
1914 3887 1962 3942 bnt

380 3983 401 4035 it
418 3983 442 4034 is
459 3991 507 4034 not
523 3980 646 4052 probable
664 3979 720 4034 thet
732 3981 764 4032 he
777 3978 856 4032 could
869 3980 936 4032 have
949 3978 1020 4032 lised
1037 3989 1063 4032 to
1082 3978 1158 4032 teech
1171 3990 1199 4032 at
1218 3981 1300 4032 lloure
1319 3979 1344 4031 in
1364 3979 1408 4032 the
1427 3979 1490 4031 time
1509 3979 1539 4030 ol
1555 3979 1681 4047 Pompey.
1719 3976 1814 4030 Suidss
1832 3977 1960 4031 therefore

380 4091 442 4144 may
455 4073 487 4124 be
500 4072 561 4125 thus
574 4071 715 4124 conected.
740 4062 879 4129 Accedere:
890 4061 1101 4143 -Ἀριστᾶρχου
1115 4061 1230 4138 μαθητὴς
1243 4061 1412 4138 ppcpperrsdc
1428 4069 1468 4120 sel
1482 4059 1618 4138 lgqyilcerc
1632 4061 1782 4136 Tupemlusr
1793 4069 1829 4133 τῷ
1840 4068 1959 4139 npcrlpq,

381 4156 408 4224 ὃς
427 4161 606 4232 Ισοψίπιυσιν
625 4162 650 4213 lv
666 4152 749 4236 'Pdpp
770 4161 808 4213 tet
828 4155 964 4231 Πομπηΐου
981 4160 1025 4212 reri
1044 4151 1164 4230 prye'hcu.
1204 4161 1276 4214 lleec
1294 4161 1409 4214 Cliutuni
1430 4161 1578 4231 conjectura
1596 4159 1659 4210 mihi
1678 4159 1760 4230 magle
1779 4159 1865 4229 placet
1885 4177 1962 4230 quarn

380 4253 451 4325 quod
465 4273 511 4324 pro
526 4253 550 4304 lv
560 4243 643 4327 ‘Pdpy
657 4253 736 4324 vulgo
750 4252 871 4304 scribitur
882 4252 907 4303 lv
916 4244 1005 4316 'Po'bqq
1025 4253 1094 4323 qnia,
1114 4269 1269 4323 quemqnam
1283 4251 1368 4302 Rhodi
1382 4250 1541 4322 Dionysium
1556 4259 1636 4301 artem
1650 4249 1794 4320 professum
1814 4267 1873 4303 esse
1892 4259 1962 4305 recte

380 4345 418 4398 ite
435 4345 565 4408 docemur,
583 4354 700 4415 tempore
719 4353 804 4395 tamen
824 4345 891 4395 inter
908 4361 937 4395 se
955 4343 1087 4395 conciliari
1102 4361 1153 4395 uon
1168 4351 1286 4413 possunt.
1325 4342 1386 4409 Quo
1406 4341 1473 4393 enirn
1492 4351 1608 4411 tempure
1622 4339 1710 4392 Sullae
1727 4339 1869 4394 honoribus
1882 4343 1961 4395 Pom-

381 4435 432 4509 peji
446 4434 556 4506 gloriola
569 4434 679 4506 primurn
691 4451 839 4486 accrescere
852 4434 946 4504 coepit,
966 4433 1113 4504 Dionysius
1125 4433 1237 4486 fortasse
1248 4433 1300 4504 jam
1315 4451 1329 4484 e
1344 4432 1398 4484 rita
1411 4431 1517 4485 abierat.

435 4530 477 4601 (⁸)
496 4533 576 4604 Diog.
590 4534 672 4585 laert.
686 4534 715 4584 V.
736 4531 762 4584 in
781 4533 896 4584 Demetr.
910 4549 931 4584 c.
945 4533 969 4584 5.
988 4523 1143 4600 Ἐρυθραῖος
1159 4529 1392 4599 πολιτογραφηθιῖς
1411 4529 1434 4580 is
1453 4519 1556 4597 Τήμνῳ
1597 4527 1717 4597 Quocum
1740 4529 1875 4583 Demetrio
1899 4549 1960 4583 nnrn

381 4623 475 4677 iisdem
488 4623 582 4676 stutliis
596 4623 699 4675 certarit
712 4639 745 4674 aa
757 4619 908 4674 inimicitias
921 4622 1066 4674 exercuerit
1075 4621 1220 4693 Tyrannio.
1239 4631 1269 4673 nt
1282 4620 1325 4674 clii
1340 4621 1432 4673 volunt
1445 4620 1540 4685 (Stahr.
1554 4619 1572 4672 l.
1582 4619 1596 4672 l.
1613 4637 1635 4690 p.
1649 4619 1711 4685 teu)
1725 4635 1758 4671 ex
1767 4619 1853 4672 verbis
1863 4620 1960 4674 suidas

381 4733 434 4768 uon
447 4713 608 4783 intelligitur.

436 4801 478 4874 (⁵)
497 4804 620 4858 Bracher.
634 4803 658 4856 d.
672 4801 733 4875 phil
746 4804 821 4856 honr.
836 4803 866 4856 ll.
878 4821 903 4874 p.
913 4804 989 4861 l9.u.

437 4897 479 4963 (⁹)
499 4897 565 4948 illut.
579 4893 677 4948 Lucull.
692 4911 713 4945 c.
729 4895 771 4950 ¹9.
