4846 5908
1246 299 1269 371 2

1141 415 1377 440 mmm

470 557 640 622 Phoenicis
663 559 780 643 scripta
805 551 938 646 ἐξείγηονν
962 555 1014 622 τοῦ
1035 557 1225 640 Τυραννίωνος
1251 555 1400 638 μερισμοῦ
1424 567 1660 622 commemorat.
1707 556 1811 644 Cujus
1835 555 1960 622 tandem
1984 558 2053 642 Ty-

470 673 632 732 rannionis
656 671 714 732 nisi
739 671 873 754 magistri
898 671 947 731 sui
973 671 1131 732 Amiseui?
1176 666 1270 732 Unde
1292 672 1317 731 si
1343 679 1495 752 quantum
1520 673 1570 731 vix
1595 691 1632 732 ac
1659 689 1700 732 ne
1723 673 1771 732 rix
1795 667 1922 753 quidem
1947 678 2054 753 potest

471 780 698 858 concedamus,
722 782 959 865 Tyrannionem
984 783 1134 842 minorem
1160 801 1243 863 quos
1267 777 1384 844 Suidas
1407 780 1505 843 luisse
1529 782 1598 865 ejus
1627 779 1728 844 libros
1752 779 1920 843 confirmat
1944 799 2054 842 ornnes
2082 865 2085 872 .

472 893 650 976 scripsisse,
674 890 705 954 id
730 903 832 955 tamen
857 903 1003 975 apparet,
1035 892 1215 954 Amiseuum
1240 887 1302 976 περί
1327 889 1476 978 μερισμοῦ
1499 893 1566 954 sive
1594 886 1656 979 περὶ
1682 890 1737 956 τῶν
1761 891 1856 976 μερῶν
1884 892 1936 956 τοῦ
1959 889 2054 978 λίγον

472 1024 555 1088 opus
579 1007 806 1087 composuisse.
853 1001 917 1066 Sed
942 1000 1103 1064 videmnus
1127 1001 1258 1086 singula.

623 1114 812 1197 Priusquam
836 1135 913 1177 vero
938 1135 1020 1198 quae
1043 1111 1137 1176 nobis
1161 1116 1389 1197 proposuimus
1417 1135 1606 1192 enarremus,
1629 1113 1693 1176 hoc
1716 1111 1986 1198 praemonendum
2010 1115 2056 1174 vi-

473 1222 566 1288 detur
589 1223 629 1288 de
652 1229 746 1288 tertio
763 1225 970 1310 Tyrannione
994 1225 1155 1287 lllesseuio
1180 1225 1296 1287 nullam
1320 1228 1462 1287 notitiam
1487 1227 1546 1288 nisi
1571 1247 1664 1309 quam
1688 1223 1803 1288 Suidas
1827 1222 1991 1288 tradiderit
2014 1220 2056 1287 ad

472 1347 612 1400 nostram
637 1341 816 1398 memoriam
841 1341 1032 1420 pervenisse.
1085 1333 1196 1419 ltaque
1221 1334 1261 1399 de
1285 1357 1325 1399 eo
1355 1346 1460 1400 tacere
1489 1334 1584 1400 etde
1616 1335 1744 1399 duobus
1774 1345 1894 1400 tanturn
1924 1333 2056 1419 reliquis

474 1443 629 1511 disserere
653 1450 803 1532 cogimur.

626 1558 865 1643 Tyrannionem
883 1559 1033 1642 majorem
1051 1559 1146 1620 Amisi
1164 1559 1193 1619 iu
1211 1557 1315 1621 Ponto
1340 1569 1446 1621 natum
1464 1579 1534 1621 esse
1551 1555 1666 1622 Suidas
1685 1555 1803 1643 prodit,
1828 1579 1922 1642 quem
1938 1553 2056 1622 Strabo

473 1671 561 1733 testis
592 1666 858 1755 locupletissimus
890 1666 1071 1744 continuat,
1102 1689 1199 1752 quum
1229 1670 1310 1732 inter
1339 1671 1504 1732 Amiseuos
1536 1667 1717 1732 eruditione
1745 1667 1933 1737 illustriores
1965 1671 2057 1732 etiam

475 1779 712 1867 Tyrannionem
736 1785 875 1844 nominet
892 1779 952 1860 (¹).
999 1779 1076 1862 Quo
1102 1789 1206 1842 autem
1231 1801 1315 1843 anuo
1340 1781 1370 1842 iu
1395 1779 1497 1844 lucem
1522 1779 1626 1844 editus
1650 1784 1699 1859 sit,
1726 1779 1967 1866 lexicographus
1991 1801 2056 1844 non

474 1890 574 1971 addit,
598 1891 655 1955 sed
679 1901 814 1955 aetatem
839 1893 907 1976 ejus
934 1889 1039 1954 obiter
1063 1889 1179 1954 iudicat
1202 1891 1327 1974 γεγονώς
1350 1887 1394 1956 ἐπί
1412 1885 1571 1976 Πομπηίου
1595 1892 1648 1956 τοῦ
1668 1893 1827 1974 μεγοίλου,
1853 1891 1908 1955 ubi
1931 1888 2058 1976 γεγονὼς

475 2023 538 2067 uon
563 2002 602 2068 de
627 2025 710 2066 auno
735 2003 829 2067 natali
853 1999 1069 2086 accipiendum
1095 2024 1164 2064 esse
1192 2005 1253 2088 jam
1278 1999 1375 2065 verba
1400 2001 1451 2066 καί
1475 1999 1605 2082 πρίτερον
1629 2001 1854 2067 demonstrant.
1900 2003 2058 2068 Graviora

475 2125 547 2180 suut
570 2137 652 2200 quae
676 2125 861 2198 sequuntur.
908 2115 1022 2176 Narrat
1046 2117 1127 2176 euim
1151 2111 1273 2196 aliquot
1300 2112 1444 2176 versibus
1468 2115 1639 2199 interjectis
1663 2115 1900 2200 Tyrannionem
1924 2113 2059 2178 (luctum

474 2226 573 2290 luisse
604 2229 762 2310 captivum
786 2227 918 2288 Romam
949 2246 966 2286 a
997 2223 1148 2301 Lucullo,
1185 2245 1282 2307 quum
1312 2224 1523 2288 Mithridatem
1554 2225 1753 2288 Ponticarum
1784 2229 1921 2310 gentium
1953 2246 2058 2310 regem

476 2341 610 2400 vicisset.
656 2335 720 2401 Ubi
744 2357 821 2399 vero
848 2337 1063 2398 Romanorum
1088 2339 1119 2398 iu
1144 2357 1253 2398 manus
1277 2339 1406 2413 venerit,
1439 2339 1470 2400 in
1495 2341 1557 2399 vita
1581 2335 1707 2399 Luculli
1731 2359 1748 2400 a
1772 2335 1942 2400 Plutarcho
1966 2358 2059 2400 enar·

476 2459 543 2512 rata
566 2449 708 2512 relectur.
753 2447 816 2510 Hic
839 2450 925 2510 testis
950 2449 1030 2510 euim
1060 2449 1261 2531 gravissimus
1285 2451 1454 2511 memoriae
1483 2445 1606 2532 prodit,
1636 2449 1743 2511 Amiso
1768 2459 1943 2532 expugnata
1966 2450 2059 2510 etiam

477 2561 714 2646 Tyrannionem
738 2561 971 2644 grammaticum
996 2569 1122 2642 captum
1153 2557 1265 2636 luisse,
1298 2579 1392 2642 quem
1421 2557 1599 2622 alaucullo
1630 2557 1691 2622 sibi
1723 2561 1851 2643 petiisse
1874 2560 2059 2623 Muraeuam

477 2680 509 2734 et
532 2682 695 2755 acceptum
720 2671 950 2746 manumisisse,
982 2667 1147 2732 Lucullum
1172 2691 1250 2732 vero
1278 2668 1309 2732 id
1334 2691 1426 2754 aegre
1449 2667 1574 2748 tulisse,
1606 2667 1695 2753 quod
1725 2681 1787 2734 tam
1816 2672 1928 2756 insigni
1957 2672 2059 2734 virum

478 2779 619 2846 doctriua
644 2803 680 2845 ex
703 2801 796 2845 servo
820 2779 890 2844 lieri
921 2779 1100 2844 libertinum
1130 2779 1361 2861 uoluisset(²).
1414 2781 1457 2844 Ex
1488 2781 1550 2844 hoc
1577 2778 1651 2843 loco
1682 2784 1887 2844 certissimum
1919 2791 1966 2845 est
1990 2781 2059 2867 Ty-

477 2895 659 2958 rannionem
685 2895 812 2956 eximiae
836 2891 1021 2955 eruditionis
1039 2891 1118 2953 larua
1140 2891 1202 2976 jam
1227 2901 1292 2954 tum
1310 2889 1504 2954 celebratum
1526 2893 1631 2956 luisse.
1672 2893 1812 2954 Amisum
1829 2913 1914 2955 anno
1931 2903 2060 2977 septua-

478 3007 596 3092 gesimo
621 3025 648 3066 a.
670 3001 745 3067 Chr.
775 3015 896 3087 captam
921 3025 990 3067 esse
1019 3013 1151 3068 constat.
1196 3003 1302 3090 Egerit
1326 3003 1491 3086 Tyrannio
1519 3013 1583 3067 tum
1614 3003 1680 3066 lere
1710 3023 1825 3066 annum
1854 3006 2059 3088 trigesimum

478 3137 543 3179 uon
566 3113 696 3178 multum
721 3117 812 3199 igitur
837 3136 853 3176 a
878 3119 1008 3178 veritate
1040 3113 1187 3178 aberrare
1215 3111 1311 3177 nobis
1334 3111 1493 3192 videmur,
1526 3118 1552 3178 si
1581 3118 1814 3200 grammaticum
1844 3114 1954 3198 paullo
1986 3123 2061 3201 post

478 3225 531 3291 vol
554 3237 625 3289 aute
650 3227 851 3288 centesimum
876 3247 991 3288 aunum
1015 3248 1042 3288 a.
1055 3225 1130 3290 Chr.
1153 3237 1260 3289 uatum
1285 3236 1442 3310 putamus.

631 3339 682 3401 De
705 3335 898 3422 parentibus,
922 3359 1004 3421 quos
1027 3341 1167 3400 nominat
1190 3335 1316 3414 Suidas,
1342 3335 1525 3420 Epicratide
1548 3346 1638 3420 patre
1662 3346 1692 3400 et
1716 3334 1828 3400 Lindia
1852 3335 2061 3404 Alexandrina

479 3463 576 3517 matre
599 3447 676 3513 nihil
692 3445 768 3511 alibi
785 3446 938 3532 proditur.
971 3447 1065 3532 Quae
1080 3446 1178 3510 verba
1194 3459 1374 3531 sequuntur
1390 3445 1573 3534 ἐχρημάτιζε
1593 3441 1748 3532 κοροίμβου
1765 3447 1879 3529 (Gaisl.
1896 3447 2061 3531 κίρυμβνς)

480 3565 704 3630 obscurissima
729 3571 810 3624 snut.
854 3559 938 3622 Patri
962 3580 1001 3622 an
1024 3559 1091 3622 filio
1116 3559 1177 3623 hoc
1200 3580 1317 3622 nomeu
1341 3557 1448 3622 datum
1472 3561 1527 3637 sit,
1550 3579 1616 3623 non
1641 3567 1780 3644 apparet.
1826 3559 1860 3622 Si
1884 3561 1980 3644 patri,
2004 3579 2062 3622 cur

479 3668 546 3743 hoc
565 3675 763 3740 factumest?
800 3669 834 3734 Si
855 3682 925 3734 cum
941 3669 1149 3756 Bernhardyo
1167 3665 1218 3754 (ί)
1242 3691 1357 3734 nomeu
1374 3691 1432 3755 per
1448 3669 1624 3733 irrisionem
1649 3669 1768 3762 dictum
1792 3677 1824 3734 et
1847 3669 1975 3754 quidem
1992 3669 2061 3735 lilio

488 3917 490 3922 '
536 3958 578 4032 (¹)
599 3956 692 4014 Strabo
705 3957 760 4008 Xll.
775 3947 868 4026 pets,
899 3949 1047 4024 Μίχνεμὶν
1066 3941 1327 4018 δῆδεῦοοἋμεοηνῆ.
1353 3939 1462 4018 Ἀνδρος
1480 3947 1507 4002 δί
1525 3940 1657 4022 μορίοισιν
1676 3945 1745 4020 ἔξεοε
1764 3941 1856 4022 pariunt
1868 3943 1931 4004 arrad
1943 3943 2063 4002 παιδείαν

482 4053 604 4106 inciso·
633 4045 802 4116 μαθηματικοί
828 4043 879 4114 plu,
910 4034 1055 4111 Δημήτριος
1080 4036 1094 4094 d
1116 4041 1159 4094 τοῦ
1174 4036 1301 4108 ‘Passioni
1324 4042 1365 4094 καί
1388 4030 1601 4112 Διονυσιίδυρος,
1629 4033 1754 4113 ίμνίνυμος
1774 4031 1896 4109 τνῙεἽκενε
1920 4040 2061 4116 γουμίτρῃ·

480 4131 648 4218 γραμματοκίς
667 4139 694 4192 dl
713 4130 862 4209 Τυραννίων,
884 4123 912 4187 ci
930 4127 1001 4201 ἦνιίς
1018 4129 1209 4204 εἰκροααοίμεθα.

536 4252 578 4322 (ε)
597 4253 667 4306 Plut.
682 4253 743 4302 Luc,
764 4253 804 4304 19.
832 4235 889 4298 τίον
908 4244 946 4296 καί
960 4240 1098 4298 Τυραννίων
1112 4236 1125 4294 ί
1137 4231 1306 4314 ρραμματιοοίς
1318 4232 1394 4293 trihu.
1418 4231 1550 4306 Μουρήνας
1562 4234 1585 4292 δ’
1593 4231 1666 4292 co'rdr
1679 4231 1827 4315 ίξῃτνῖοατο,
1847 4235 1889 4293 καί
1901 4235 1989 4304 λαβὸν
2001 4234 2063 4307 ἄη.

480 4345 650 4414 λωθίίωων
675 4335 846 4411 ἄν’λωθίίωί
868 4335 900 4410 'll
917 4335 997 4406 dupe?
1014 4325 1183 4409 xpri-ripense.
1216 4325 1309 4402 oriri?
1328 4325 1580 4401 ἦξίονΛονίαονλλνς
1599 4323 1677 4397 ἄνδρα
1696 4321 1873 4383 tricastrino
1892 4329 2064 4402 ίοπουδασμί.

482 4457 529 4502 νον,
555 4437 647 4490 δοῦλον
664 4433 787 4506 pariebat
805 4420 936 4500 rrpdrrpcr,
962 4423 1018 4480 εἶτα
1036 4417 1216 4497 ἆκελείθερον.
1246 4419 1379 4494 ἀφαίρεσις
1395 4415 1443 4494 pal?
1461 4413 1489 4490 ἦν
1506 4423 1549 4489 ςῆς
1567 4412 1732 4497 ἧπαρχουής
1754 4415 1770 4490 ἦ
1792 4423 1836 4489 ,ἧς
1855 4414 1976 4488 pompm
1994 4421 2064 4475 ’λω-

481 4527 571 4600 nuptae
590 4519 672 4588 dicte.

537 4635 580 4709 (³)
600 4635 695 4692 Baruh.
710 4633 748 4686 l.l.
778 4630 851 4684 Nihil
864 4639 950 4682 tamen
963 4637 1036 4682 vetat
1047 4615 1173 4695 κορίμβου
1187 4643 1233 4697 ρον
1245 4624 1391 4678 irrisionem
1404 4623 1502 4676 dictum
1515 4621 1675 4694 interpretari
1690 4622 1763 4676 velut
1775 4621 1907 4676 Philocles
1915 4613 2064 4688 ’Λλμίυνος

482 4729 651 4786 Antimachus
664 4714 785 4793 ψακείδνς,
799 4720 954 4774 Theocritus
968 4719 1073 4790 quidam
1085 4713 1291 4785 Ἐλαφοστίκτου
1304 4716 1374 4789 apud
1387 4717 1492 4788 Lysiam
1505 4734 1526 4770 c.
1542 4721 1617 4788 agor.
1629 4733 1655 4788 p.
1665 4706 1719 4767 456
1733 4712 1900 4769 vocabantur.
1928 4703 2066 4784 Κίρνμβος

482 4819 503 4872 tl
518 4819 656 4894 probamus
670 4818 696 4871 in
710 4823 831 4889 promptu
845 4821 887 4864 est
900 4811 1063 4882 Hegesippus
1082 4803 1095 4860 ί
1108 4801 1256 4878 Κρνίβνλος,
